@article{lens.org/012-440-722-263-107,
	author = {Christiane Lemke and Bogdan Gabrys},
	title = {Meta-learning for time series forecasting and forecast combination},
	journal = {Neurocomputing},
	year = {2010},
	volume = {73},
	number = {10},
	pages = {2006--2016},
	month = {March},
	date = {2010-03-07},
	note = "\url{https://dx.doi.org/10.1016/j.neucom.2009.09.020} ; \url{https://dblp.uni-trier.de/db/journals/ijon/ijon73.html#LemkeG10} ; \url{http://eprints.bournemouth.ac.uk/11186/} ; \url{https://www.sciencedirect.com/science/article/pii/S0925231210001074} ; \url{https://dl.acm.org/doi/10.1016/j.neucom.2009.09.020} ; \url{https://doi.org/10.1016/j.neucom.2009.09.020} ; \url{http://www.sciencedirect.com/science/article/pii/S0925231210001074} ; \url{https://core.ac.uk/display/75174} ; \url{http://dx.doi.org/10.1016/j.neucom.2009.09.020} ; \url{https://core.ac.uk/download/75174.pdf}",
	url = {https://lens.org/012-440-722-263-107}
}

@article{lens.org/014-555-516-388-155,
	author = {Seyed Navid Seyedi and Pouyan Rezvan and Saeed Akbarnatajbisheh and Syed Ahmad Helmi},
	title = {Evaluating ARIMA-Neural Network Hybrid Model Performance in Forecasting Stationary Timeseries},
	journal = {Advanced Materials Research},
	year = {2013},
	volume = {845},
	pages = {510--515},
	doi = {10.4028/www.scientific.net/amr.845.510},
	note = "\url{http://eprints.utm.my/id/eprint/52746/} ; \url{https://www.scientific.net/AMR.845.510} ; \url{https://core.ac.uk/download/42920138.pdf}",
	url = {https://lens.org/014-555-516-388-155}
}

@article{lens.org/015-844-290-770-382,
	author = {Romeo Alexander and Dimitrios Giannakis},
	title = {Operator-theoretic framework for forecasting nonlinear time series with kernel analog techniques},
	journal = {Physica D: Nonlinear Phenomena},
	year = {2020},
	volume = {409},
	pages = {132520--},
	doi = {10.1016/j.physd.2020.132520},
	note = "\url{https://www.sciencedirect.com/science/article/pii/S016727891930377X} ; \url{https://nyuscholars.nyu.edu/en/publications/operator-theoretic-framework-for-forecasting-nonlinear-time-serie} ; \url{https://arxiv.org/pdf/1906.00464.pdf} ; \url{http://export.arxiv.org/pdf/1906.00464} ; \url{https://www.arxiv-vanity.com/papers/1906.00464/} ; \url{https://ui.adsabs.harvard.edu/abs/2020PhyD..40932520A/abstract} ; \url{https://arxiv.org/pdf/1906.00464} ; \url{http://arxiv.org/abs/1906.00464}",
	url = {https://lens.org/015-844-290-770-382}
}

@article{lens.org/025-098-988-463-801,
	author = {Eric J. Ward and E. Eli Holmes and James T. Thorson and Ben Collen},
	title = {Complexity is costly: a meta‐analysis of parametric and non‐parametric methods for short‐term population forecasting},
	journal = {Oikos},
	year = {2014},
	volume = {123},
	number = {6},
	pages = {652--661},
	month = {February},
	doi = {10.1111/j.1600-0706.2014.00916.x},
	date = {2014-02-25},
	note = "\url{https://discovery.ucl.ac.uk/id/eprint/1431801} ; \url{https://core.ac.uk/display/20483708} ; \url{https://onlinelibrary.wiley.com/doi/abs/10.1111/j.1600-0706.2014.00916.x} ; \url{https://core.ac.uk/download/pdf/20483708.pdf}",
	url = {https://lens.org/025-098-988-463-801}
}

@article{lens.org/038-056-555-608-24X,
	author = {Suhartono Suhartono and Dedy Dwi Prastyo and Heri Kuswanto and Muhammad Hisyam Lee},
	title = {Comparison between VAR, GSTAR, FFNN-VAR and FFNN-GSTAR Models for Forecasting Oil Production},
	journal = {MATEMATIKA},
	year = {2018},
	volume = {34},
	number = {1},
	pages = {103--111},
	month = {May},
	doi = {10.11113/matematika.v34.n1.1040},
	date = {2018-05-28},
	note = "\url{https://matematika.utm.my/index.php/matematika/article/download/1040/749} ; \url{https://matematika.utm.my/index.php/matematika/article/view/1040} ; \url{https://core.ac.uk/download/287744082.pdf}",
	url = {https://lens.org/038-056-555-608-24X}
}

@article{lens.org/040-230-484-451-638,
	author = {Michael Wolf and Dan Wunderli},
	title = {Bootstrap Joint Prediction Regions},
	journal = {Journal of Time Series Analysis},
	year = {2014},
	volume = {36},
	number = {3},
	pages = {352--376},
	month = {October},
	doi = {10.1111/jtsa.12099},
	date = {2014-10-14},
	note = "\url{https://www.ifs.org.uk/conferences/cemmap_seminars/paper_wolf.pdf} ; \url{http://www.econ.uzh.ch/static/wp/econwp064.pdf} ; \url{http://www.2013.isiproceedings.org/Files/CPS022-P2-S.pdf} ; \url{https://www.2013.isiproceedings.org/Files/CPS022-P2-S.pdf} ; \url{http://www.statistics.gov.hk/wsc/CPS022-P2-S.pdf} ; \url{https://www.zora.uzh.ch/id/eprint/113354/1/Bootstrap%20joint.pdf} ; \url{https://www.econstor.eu/handle/10419/77512} ; \url{http://www.cireqmontreal.com/wp-content/uploads/2012/03/11-12wolf.pdf} ; \url{https://www.cireqmontreal.com/wp-content/uploads/2012/03/11-12wolf.pdf} ; \url{https://www.econ.uzh.ch/dam/jcr:ffffffff-935a-b0d6-0000-00004279c92d/jtsa_2015.pdf} ; \url{https://www.econstor.eu/bitstream/10419/77512/1/747564566.pdf} ; \url{https://www.statistics.gov.hk/wsc/CPS022-P2-S.pdf} ; \url{https://www.onlinelibrary.wiley.com/doi/abs/10.1111/jtsa.12099} ; \url{https://www.zora.uzh.ch/id/eprint/60385/} ; \url{http://www.zora.uzh.ch/113354/1/Bootstrap%20joint.pdf}",
	url = {https://lens.org/040-230-484-451-638}
}

@article{lens.org/041-247-212-221-860,
	title = {Forecasting GDP Growth Rates of Bangladesh: An Empirical Study},
	journal = {Journal of Economics and Sustainable Development},
	year = {2019},
	doi = {10.7176/jesd/10-23-02},
	note = "\url{https://core.ac.uk/download/pdf/276531422.pdf}",
	url = {https://lens.org/041-247-212-221-860}
}

@article{lens.org/064-408-500-291-803,
	author = {Stavros Degiannakis and George Filis and Hossein Hassani},
	title = {Forecasting global stock market implied volatility indices},
	journal = {Journal of Empirical Finance},
	year = {2018},
	volume = {46},
	pages = {111--129},
	doi = {10.1016/j.jempfin.2017.12.008},
	note = "\url{https://mpra.ub.uni-muenchen.de/96452/} ; \url{http://eprints.bournemouth.ac.uk/30159/} ; \url{https://www.sciencedirect.com/science/article/pii/S0927539817301263} ; \url{https://ideas.repec.org/a/eee/empfin/v46y2018icp111-129.html} ; \url{https://econpapers.repec.org/RePEc:eee:empfin:v:46:y:2018:i:c:p:111-129} ; \url{https://core.ac.uk/display/145642264} ; \url{https://core.ac.uk/download/145642264.pdf}",
	url = {https://lens.org/064-408-500-291-803}
}

@article{lens.org/068-971-094-791-033,
	author = {Kumar Biswajit Debnath and Monjur Mourshed},
	title = {Forecasting methods in energy planning models},
	journal = {Renewable and Sustainable Energy Reviews},
	year = {2018},
	volume = {88},
	pages = {297--325},
	doi = {10.1016/j.rser.2018.02.002},
	note = "\url{https://ideas.repec.org/a/eee/rensus/v88y2018icp297-325.html} ; \url{https://econpapers.repec.org/RePEc:eee:rensus:v:88:y:2018:i:c:p:297-325} ; \url{https://www.sciencedirect.com/science/article/abs/pii/S1364032118300200} ; \url{http://orca.cf.ac.uk/109350/} ; \url{https://orca.cardiff.ac.uk/109350/} ; \url{https://core.ac.uk/display/151176579} ; \url{https://core.ac.uk/download/151176579.pdf}",
	url = {https://lens.org/068-971-094-791-033}
}

@article{lens.org/080-709-759-763-688,
	author = {Aneeque A. Mir and Mohammed Alghassab and Kafait Ullah and Zafar A. Khan and Yuehong Lu and Muhammad Imran},
	title = {A Review of Electricity Demand Forecasting in Low and Middle Income Countries: The Demand Determinants and Horizons},
	journal = {Sustainability},
	year = {2020},
	volume = {12},
	number = {15},
	pages = {5931--},
	month = {July},
	doi = {10.3390/su12155931},
	date = {2020-07-23},
	note = "\url{https://ideas.repec.org/a/gam/jsusta/v12y2020i15p5931-d388506.html} ; \url{https://www.mdpi.com/2071-1050/12/15/5931} ; \url{https://research.aston.ac.uk/en/publications/a-review-of-electricity-demand-forecasting-in-low-and-middle-inco} ; \url{https://www.mdpi.com/2071-1050/12/15/5931/pdf} ; \url{https://core.ac.uk/download/327947411.pdf}",
	url = {https://lens.org/080-709-759-763-688}
}

@article{lens.org/082-797-515-404-65X,
	author = {Milan Marček},
	title = {Statistical and RBF NN models : providing forecasts and risk assessment},
	journal = {Ekonomická revue - Central European Review of Economic Issues},
	year = {2009},
	volume = {12},
	number = {4},
	pages = {175--182},
	month = {December},
	doi = {10.7327/cerei.2009.12.02},
	date = {2009-12-31},
	note = "\url{https://www.ekf.vsb.cz/export/sites/ekf/cerei/cs/Papers/VOL12NUM04PAP02.pdf} ; \url{https://dspace.vsb.cz/handle/10084/90102} ; \url{https://core.ac.uk/display/8992701} ; \url{https://core.ac.uk/download/8992701.pdf}",
	url = {https://lens.org/082-797-515-404-65X}
}

@article{lens.org/098-716-861-673-282,
	author = {Tanveer Ahmed Siddiqi and Syed Inayatullah and Syed Ahmad Hassan and Saba Naz and Syed Tanweer Iqbal and Muhammad Ahsanuddin},
	title = {Nonlinear Structure based Artificial Neural Computing for Upstream Flow Functional Models},
	journal = {European Scientific Journal ESJ},
	year = {2019},
	volume = {15},
	number = {15},
	pages = {1--1},
	month = {May},
	doi = {10.19044/esj.2019.v15n15p1},
	date = {2019-05-31},
	note = "\url{http://eujournal.org/index.php/esj/article/view/12062/11496} ; \url{https://www.academia.edu/62891010/Nonlinear_Structure_based_Artificial_Neural_Computing_for_Upstream_Flow_Functional_Models} ; \url{https://eujournal.org/index.php/esj/article/view/12062} ; \url{https://core.ac.uk/download/328026613.pdf}",
	url = {https://lens.org/098-716-861-673-282}
}

@article{lens.org/100-838-616-245-749,
	author = {Jane M. Binner and Rakesh K. Bissoondeeal and Thomas Elger and Alicia M. Gazely and Andy Mullineux},
	title = {A comparison of linear forecasting models and neural networks: an application to Euro inflation and Euro Divisia},
	journal = {Applied Economics},
	year = {2005},
	volume = {37},
	number = {6},
	pages = {665--680},
	month = {April},
	doi = {10.1080/0003684052000343679},
	date = {2005-04-10},
	note = "\url{https://core.ac.uk/display/78878270} ; \url{https://ideas.repec.org/a/taf/applec/v37y2005i6p665-680.html} ; \url{https://portal.research.lu.se/en/publications/a-comparison-of-linear-forecasting-models-and-neural-networks-an-} ; \url{https://research.birmingham.ac.uk/portal/en/publications/a-comparison-of-linear-forecasting-models-and-neural-networks-an-application-to-euro-inflation-and-divisia(c1115770-2c1a-4e4b-a3ed-9d3ada981663).html} ; \url{http://irep.ntu.ac.uk/id/eprint/16353/} ; \url{https://research.aston.ac.uk/en/publications/a-comparison-of-linear-forecasting-models-and-neural-networks-an-} ; \url{https://econpapers.repec.org/RePEc:taf:applec:v:37:y:2005:i:6:p:665-680} ; \url{https://research.aston.ac.uk/portal/en/researchoutput/a-comparison-of-linear-forecasting-models-and-neural-networks(7fd430c2-fff4-4de5-969e-8f4e409fcb2b).html} ; \url{https://lup.lub.lu.se/search/publication/0f43e243-5e15-48f0-a353-f1d23bb81b40} ; \url{https://www.tandfonline.com/doi/full/10.1080/0003684052000343679} ; \url{https://core.ac.uk/download/78878270.pdf}",
	url = {https://lens.org/100-838-616-245-749}
}

@article{lens.org/100-946-106-279-04X,
	author = {Mehmet Pinar and Thanasis Stengos and M. Ege Yazgan},
	title = {Quantile forecast combination using stochastic dominance},
	journal = {Empirical economics},
	year = {2017},
	volume = {55},
	number = {4},
	pages = {1717--1755},
	month = {October},
	doi = {10.1007/s00181-017-1343-1},
	date = {2017-10-14},
	note = "\url{https://link.springer.com/article/10.1007/s00181-017-1343-1} ; \url{https://link.springer.com/content/pdf/10.1007%2Fs00181-017-1343-1.pdf} ; \url{https://www.ncbi.nlm.nih.gov/pmc/articles/PMC6405180} ; \url{https://ideas.repec.org/a/spr/empeco/v55y2018i4d10.1007_s00181-017-1343-1.html} ; \url{https://paperity.org/p/85053711/quantile-forecast-combination-using-stochastic-dominance} ; \url{https://pubmed.ncbi.nlm.nih.gov/30930528/} ; \url{https://core.ac.uk/download/227103318.pdf}",
	url = {https://lens.org/100-946-106-279-04X}
}

@article{lens.org/111-503-835-042-268,
	author = {Devon K. Barrow and Nikolaos Kourentzes},
	title = {The impact of special days in call arrivals forecasting: A neural network approach to modelling special days},
	journal = {European Journal of Operational Research},
	year = {2018},
	volume = {264},
	number = {3},
	pages = {967--977},
	doi = {10.1016/j.ejor.2016.07.015},
	note = "\url{https://research.birmingham.ac.uk/en/publications/the-impact-of-special-days-in-call-arrivals-forecasting-a-neural-} ; \url{https://www.sciencedirect.com/science/article/pii/S0377221716305525} ; \url{https://pureportal.coventry.ac.uk/en/publications/the-impact-of-special-days-in-call-arrivals-forecasting-a-neural-} ; \url{https://ideas.repec.org/a/eee/ejores/v264y2018i3p967-977.html} ; \url{https://core.ac.uk/display/76959282} ; \url{https://doi.org/10.1016/j.ejor.2016.07.015} ; \url{http://www.sciencedirect.com/science/article/pii/S0377221716305525} ; \url{https://eprints.lancs.ac.uk/80367/} ; \url{http://www.diva-portal.org/smash/record.jsf?pid=diva2:1399247} ; \url{https://core.ac.uk/download/228148816.pdf}",
	url = {https://lens.org/111-503-835-042-268}
}

@article{lens.org/113-431-260-608-912,
	author = {Christiane Lemke and Bogdan Gabrys},
	title = {Meta-learning for time series forecasting and forecast combination},
	journal = {Neurocomputing},
	year = {2010},
	volume = {73},
	number = {10-12},
	pages = {2006--2016},
	doi = {10.1016/j.neucom.2009.09.020},
	note = "\url{https://core.ac.uk/download/75174.pdf}",
	url = {https://lens.org/113-431-260-608-912}
}

@article{lens.org/125-415-748-084-126,
	author = {Zhuo-Ming Ren and An Zeng and Yi-Cheng Zhang},
	title = {Structure-oriented prediction in complex networks},
	journal = {Physics Reports},
	year = {2018},
	volume = {750},
	pages = {1--51},
	doi = {10.1016/j.physrep.2018.05.002},
	note = "\url{https://jglobal.jst.go.jp/detail?JGLOBAL_ID=201802250899607447} ; \url{http://ui.adsabs.harvard.edu/abs/2018PhR...750....1R/abstract} ; \url{https://www.sciencedirect.com/science/article/abs/pii/S0370157318301339} ; \url{https://core.ac.uk/download/162134221.pdf}",
	url = {https://lens.org/125-415-748-084-126}
}

@article{lens.org/125-717-877-971-69X,
	author = {Joshua Garland and Elizabeth Bradley},
	title = {Prediction in Projection},
	journal = {Chaos (Woodbury, N.Y.)},
	year = {2015},
	volume = {25},
	number = {12},
	pages = {123108--},
	doi = {10.1063/1.4936242},
	note = "\url{https://arxiv.org/pdf/1503.01678.pdf} ; \url{http://export.arxiv.org/pdf/1503.01678} ; \url{https://arxiv.org/abs/1503.01678} ; \url{http://arxiv.org/abs/1503.01678}",
	url = {https://lens.org/125-717-877-971-69X}
}

@article{lens.org/147-666-295-574-345,
	author = {Oussama Laib and Mohamed Tarek Khadir and Lyudmila Mihaylova},
	title = {Toward efficient energy systems based on natural gas consumption prediction with LSTM Recurrent Neural Networks},
	journal = {Energy},
	year = {2019},
	volume = {177},
	pages = {530--542},
	doi = {10.1016/j.energy.2019.04.075},
	note = "\url{https://ideas.repec.org/a/eee/energy/v177y2019icp530-542.html} ; \url{https://www.sciencedirect.com/science/article/pii/S0360544219307054} ; \url{https://eprints.whiterose.ac.uk/145128/} ; \url{https://core.ac.uk/download/199225737.pdf}",
	url = {https://lens.org/147-666-295-574-345}
}