
@article{ WOS:000401492900065,
Author = {Deb, Chirag and Zhang, Fan and Yang, Junjing and Lee, Siew Eang and
   Shah, Kwok Wei},
Title = {A review on time series forecasting techniques for building energy
   consumption},
Journal = {RENEWABLE \& SUSTAINABLE ENERGY REVIEWS},
Year = {{2017}},
Volume = {{74}},
Pages = {{902-924}},
Month = {{JUL}},
DOI = {{10.1016/j.rser.2017.02.085}},
ISSN = {{1364-0321}},
ResearcherID-Numbers = {{Deb, Chirag/AAA-9486-2021
   }},
ORCID-Numbers = {{zhang, fan/0000-0002-1792-5195
   Deb, Chirag/0000-0001-9634-6441
   Lee, Siew Eang/0000-0003-2683-1075
   Shah, Kwok Wei/0000-0002-5649-4105}},
Unique-ID = {{WOS:000401492900065}},
}

@article{ WOS:000627406100002,
Author = {Lara-Benitez, Pedro and Carranza-Garcia, Manuel and Riquelme, Jose C.},
Title = {An Experimental Review on Deep Learning Architectures for Time Series
   Forecasting},
Journal = {INTERNATIONAL JOURNAL OF NEURAL SYSTEMS},
Year = {{2021}},
Volume = {{31}},
Number = {{3}},
Month = {{MAR}},
DOI = {{10.1142/S0129065721300011}},
Article-Number = {{2130001}},
ISSN = {{0129-0657}},
EISSN = {{1793-6462}},
ResearcherID-Numbers = {{Riquelme, Jose C/E-6451-2010
   Carranza-García, Manuel/R-7396-2019}},
ORCID-Numbers = {{Riquelme, Jose C/0000-0002-8243-2186
   Carranza-García, Manuel/0000-0002-4729-8604}},
Unique-ID = {{WOS:000627406100002}},
}

@article{ WOS:000536806600009,
Author = {Shen, Zhipeng and Zhang, Yuanming and Lu, Jiawei and Xu, Jun and Xiao,
   Gang},
Title = {A novel time series forecasting model with deep learning},
Journal = {NEUROCOMPUTING},
Year = {{2020}},
Volume = {{396}},
Pages = {{302-313}},
Month = {{JUL 5}},
DOI = {{10.1016/j.neucom.2018.12.084}},
ISSN = {{0925-2312}},
EISSN = {{1872-8286}},
Unique-ID = {{WOS:000536806600009}},
}

@article{ WOS:000428020200006,
Author = {Guertler, Marc and Paulsen, Thomas},
Title = {Forecasting performance of time series models on electricity spot
   markets: a quasi-meta-analysis},
Journal = {INTERNATIONAL JOURNAL OF ENERGY SECTOR MANAGEMENT},
Year = {{2018}},
Volume = {{12}},
Number = {{1}},
Pages = {{103-129}},
DOI = {{10.1108/IJESM-06-2017-0004}},
ISSN = {{1750-6220}},
EISSN = {{1750-6239}},
Unique-ID = {{WOS:000428020200006}},
}

@article{ WOS:000711517600001,
Author = {Tan, Yee-Fan and Ong, Lee-Yeng and Leow, Meng-Chew and Goh, Yee-Xian},
Title = {Exploring Time-Series Forecasting Models for Dynamic Pricing in Digital
   Signage Advertising},
Journal = {FUTURE INTERNET},
Year = {{2021}},
Volume = {{13}},
Number = {{10}},
Month = {{OCT}},
DOI = {{10.3390/fi13100241}},
Article-Number = {{241}},
EISSN = {{1999-5903}},
ResearcherID-Numbers = {{Leow, Meng Chew/AAR-9074-2021
   Ong, Lee-Yeng/ABA-1579-2021
   }},
ORCID-Numbers = {{Leow, Meng Chew/0000-0001-6327-0735
   Tan, Yee-Fan/0000-0003-4187-1374}},
Unique-ID = {{WOS:000711517600001}},
}

@article{ WOS:000529902300014,
Author = {Sezer, Omer Berat and Gudelek, Mehmet Ugur and Ozbayoglu, Ahmet Murat},
Title = {Financial time series forecasting with deep learning : A systematic
   literature review: 2005-2019},
Journal = {APPLIED SOFT COMPUTING},
Year = {{2020}},
Volume = {{90}},
Month = {{MAY}},
DOI = {{10.1016/j.asoc.2020.106181}},
Article-Number = {{106181}},
ISSN = {{1568-4946}},
EISSN = {{1872-9681}},
ResearcherID-Numbers = {{Ozbayoglu, Ahmet Murat/H-2328-2011
   }},
ORCID-Numbers = {{Ozbayoglu, Ahmet Murat/0000-0001-7998-5735
   Ozbayoglu, Ahmet/0000-0003-3576-1582
   Gudelek, Ugur/0000-0002-3745-727X}},
Unique-ID = {{WOS:000529902300014}},
}

@article{ WOS:000506372000001,
Author = {Golyandina, Nina},
Title = {Particularities and commonalities of singular spectrum analysis as a
   method of time series analysis and signal processing},
Journal = {WILEY INTERDISCIPLINARY REVIEWS-COMPUTATIONAL STATISTICS},
Year = {{2020}},
Volume = {{12}},
Number = {{4}},
Month = {{JUL}},
DOI = {{10.1002/wics.1487}},
EarlyAccessDate = {{JAN 2020}},
Article-Number = {{e1487}},
ISSN = {{1939-0068}},
ResearcherID-Numbers = {{Golyandina, Nina/M-9869-2019
   Golyandina, Nina/D-3565-2009}},
ORCID-Numbers = {{Golyandina, Nina/0000-0003-1400-8209
   Golyandina, Nina/0000-0003-1400-8209}},
Unique-ID = {{WOS:000506372000001}},
}

@article{ WOS:000450970700001,
Author = {Rossi, Ryan A.},
Title = {Relational time series forecasting},
Journal = {KNOWLEDGE ENGINEERING REVIEW},
Year = {{2018}},
Volume = {{33}},
Month = {{APR 18}},
DOI = {{10.1017/S0269888918000024}},
Article-Number = {{e1}},
ISSN = {{0269-8889}},
EISSN = {{1469-8005}},
Unique-ID = {{WOS:000450970700001}},
}

@article{ WOS:000634623900001,
Author = {Das, Rituparna and Middya, Asif Iqbal and Roy, Sarbani},
Title = {High granular and short term time series forecasting of PM2.5 air
   pollutant - a comparative review},
Journal = {ARTIFICIAL INTELLIGENCE REVIEW},
Year = {{2022}},
Volume = {{55}},
Number = {{2}},
Pages = {{1253-1287}},
Month = {{FEB}},
DOI = {{10.1007/s10462-021-09991-1}},
EarlyAccessDate = {{MAR 2021}},
ISSN = {{0269-2821}},
EISSN = {{1573-7462}},
ResearcherID-Numbers = {{MIDDYA, ASIF IQBAL/AAU-4012-2020
   Roy, Sarbani/J-1997-2018}},
ORCID-Numbers = {{MIDDYA, ASIF IQBAL/0000-0001-6558-4930
   Roy, Sarbani/0000-0002-7598-8266}},
Unique-ID = {{WOS:000634623900001}},
}

@article{ WOS:000600425200042,
Author = {Martinovic, Marko and Hunjet, Anica and Turcin, Ioan},
Title = {Time Series Forecasting of the Austrian Traded Index (ATX) Using
   Artificial Neural Network Model},
Journal = {TEHNICKI VJESNIK-TECHNICAL GAZETTE},
Year = {{2020}},
Volume = {{27}},
Number = {{6}},
Pages = {{2053-2061}},
Month = {{DEC}},
DOI = {{10.17559/TV-20190503164349}},
ISSN = {{1330-3651}},
EISSN = {{1848-6339}},
ResearcherID-Numbers = {{Turcin, Ioan/AAG-7315-2021}},
Unique-ID = {{WOS:000600425200042}},
}

@article{ WOS:000603512000001,
Author = {Rajagukguk, Rial A. and Ramadhan, Raden A. A. and Lee, Hyun-Jin},
Title = {A Review on Deep Learning Models for Forecasting Time Series Data of
   Solar Irradiance and Photovoltaic Power},
Journal = {ENERGIES},
Year = {{2020}},
Volume = {{13}},
Number = {{24}},
Month = {{DEC}},
DOI = {{10.3390/en13246623}},
Article-Number = {{6623}},
EISSN = {{1996-1073}},
ORCID-Numbers = {{Rajagukguk, Rial Arifin/0000-0002-3258-7307}},
Unique-ID = {{WOS:000603512000001}},
}

@article{ WOS:000439567900017,
Author = {Macaira, Paula Medina and Tavares Thome, Antonio Marcio and Cyrino
   Oliveira, Fernando Luiz and Carvalho Ferrer, Ana Luiza},
Title = {Time series analysis with explanatory variables: A systematic literature
   review},
Journal = {ENVIRONMENTAL MODELLING \& SOFTWARE},
Year = {{2018}},
Volume = {{107}},
Pages = {{199-209}},
Month = {{SEP}},
DOI = {{10.1016/j.envsoft.2018.06.004}},
ISSN = {{1364-8152}},
EISSN = {{1873-6726}},
ResearcherID-Numbers = {{Oliveira, Fernando Luiz Cyrino/B-4187-2015
   Maçaira, Paula M/F-5564-2019
   Thome, Antônio Marcio Tavares/E-6778-2015
   }},
ORCID-Numbers = {{Oliveira, Fernando Luiz Cyrino/0000-0003-1870-9440
   Thome, Antônio Marcio Tavares/0000-0001-9751-905X
   Medina Macaira, Paula/0000-0001-6235-8006}},
Unique-ID = {{WOS:000439567900017}},
}

@article{ WOS:000522489000134,
Author = {Hoffmann, Maximilian and Kotzur, Leander and Stolten, Detlef and
   Robinius, Martin},
Title = {A Review on Time Series Aggregation Methods for Energy System Models},
Journal = {ENERGIES},
Year = {{2020}},
Volume = {{13}},
Number = {{3}},
Month = {{FEB}},
DOI = {{10.3390/en13030641}},
Article-Number = {{641}},
EISSN = {{1996-1073}},
ORCID-Numbers = {{Robinius, Martin/0000-0002-5307-3022
   Hoffmann, Maximilian/0000-0003-1232-8110
   Kotzur, Leander/0000-0001-5856-2311}},
Unique-ID = {{WOS:000522489000134}},
}

@article{ WOS:000540363800001,
Author = {Rahardja, Dewi},
Title = {Statistical methodological review for time-series data},
Journal = {JOURNAL OF STATISTICS \& MANAGEMENT SYSTEMS},
Year = {{2020}},
Volume = {{23}},
Number = {{8}},
Pages = {{1445-1461}},
Month = {{NOV 16}},
DOI = {{10.1080/09720510.2020.1727618}},
EarlyAccessDate = {{MAY 2020}},
ISSN = {{0972-0510}},
EISSN = {{2169-0014}},
Unique-ID = {{WOS:000540363800001}},
}

@article{ WOS:000515391700098,
Author = {Nguyen, Trung H. and Jones, Simon and Soto-Berelov, Mariela and Haywood,
   Andrew and Hislop, Samuel},
Title = {Landsat Time-Series for Estimating Forest Aboveground Biomass and Its
   Dynamics across Space and Time: A Review},
Journal = {REMOTE SENSING},
Year = {{2020}},
Volume = {{12}},
Number = {{1}},
Month = {{JAN}},
DOI = {{10.3390/rs12010098}},
Article-Number = {{98}},
EISSN = {{2072-4292}},
ResearcherID-Numbers = {{Haywood, Andrew/E-3418-2016}},
ORCID-Numbers = {{Nguyen, Huy Trung/0000-0002-6426-8909
   Hislop, Samuel/0000-0002-0176-0410
   Soto-Berelov, Mariela/0000-0003-1285-1622
   Haywood, Andrew/0000-0001-9903-8276}},
Unique-ID = {{WOS:000515391700098}},
}

@article{ WOS:000632599300014,
Author = {Liu, Hui and Yan, Guangxi and Duan, Zhu and Chen, Chao},
Title = {Intelligent modeling strategies for forecasting air quality time series:
   A review},
Journal = {APPLIED SOFT COMPUTING},
Year = {{2021}},
Volume = {{102}},
Month = {{APR}},
DOI = {{10.1016/j.asoc.2020.106957}},
EarlyAccessDate = {{JAN 2021}},
Article-Number = {{106957}},
ISSN = {{1568-4946}},
EISSN = {{1872-9681}},
ORCID-Numbers = {{Yan, Guangxi/0000-0002-9053-4625
   Liu, Hui/0000-0001-6654-4965}},
Unique-ID = {{WOS:000632599300014}},
}

@article{ WOS:000383813000073,
Author = {Wang, Yu and Shao, Yixin and Matovic, Miodrag Darko and Whalen, Joann K.},
Title = {Recycling combustion ash for sustainable cement production: A critical
   review with data-mining and time-series predictive models},
Journal = {CONSTRUCTION AND BUILDING MATERIALS},
Year = {{2016}},
Volume = {{123}},
Pages = {{673-689}},
Month = {{OCT 1}},
DOI = {{10.1016/j.conbuildmat.2016.07.031}},
ISSN = {{0950-0618}},
EISSN = {{1879-0526}},
ResearcherID-Numbers = {{Whalen, Joann K/F-7419-2013}},
ORCID-Numbers = {{Whalen, Joann K/0000-0001-8774-0594}},
Unique-ID = {{WOS:000383813000073}},
}

@article{ WOS:000650606700001,
Author = {Soyer, Refik and Zhang, Di},
Title = {Bayesian modeling of multivariate time series of counts},
Journal = {WILEY INTERDISCIPLINARY REVIEWS-COMPUTATIONAL STATISTICS},
DOI = {{10.1002/wics.1559}},
EarlyAccessDate = {{MAY 2021}},
Article-Number = {{e1559}},
ISSN = {{1939-0068}},
Unique-ID = {{WOS:000650606700001}},
}

@article{ WOS:000399845600007,
Author = {Bondarenko, Valeria and Bondarenko, Victor and Truskovskyi, Kyryl},
Title = {Forecasting of time data with using fractional Brownian motion},
Journal = {CHAOS SOLITONS \& FRACTALS},
Year = {{2017}},
Volume = {{97}},
Pages = {{44-50}},
Month = {{APR}},
DOI = {{10.1016/j.chaos.2017.01.013}},
ISSN = {{0960-0779}},
EISSN = {{1873-2887}},
Unique-ID = {{WOS:000399845600007}},
}

@article{ WOS:000705646800001,
Author = {Valdes, Luis and Bode, Antonio and Latasa, Mikel and Nogueira, Enrique
   and Somavilla, Raquel and Varela, Marta M. and Gonzalez-Pola, Cesar and
   Casas, Gerardo},
Title = {Three decades of continuous ocean observations in North Atlantic Spanish
   waters: The RADIALES time series project, context, achievements and
   challenges},
Journal = {PROGRESS IN OCEANOGRAPHY},
Year = {{2021}},
Volume = {{198}},
Month = {{NOV}},
DOI = {{10.1016/j.pocean.2021.102671}},
Article-Number = {{102671}},
ISSN = {{0079-6611}},
EISSN = {{1873-4472}},
ResearcherID-Numbers = {{Latasa, Mikel/D-2202-2011
   García, Enrique Nogueira/R-6534-2018
   Somavilla Cabrillo, Raquel/G-2675-2016
   }},
ORCID-Numbers = {{Latasa, Mikel/0000-0002-8202-0923
   Nogueira, Enrique/0000-0002-4222-928X
   Somavilla Cabrillo, Raquel/0000-0002-8719-4105
   Gonzalez-Pola, C. (Cesar)/0000-0003-4528-3035}},
Unique-ID = {{WOS:000705646800001}},
}

@article{ WOS:000483304600013,
Author = {Dokovic, Jelena and Muncan, Mihajlo and Paunovic, Tamara},
Title = {FORECASTING MAIZE YIELD IN THE REPUBLIC OF SERBIA BY USING BOX-JENKINS
   METHODOLOGY},
Journal = {EKONOMIKA POLJOPRIVREDA-ECONOMICS OF AGRICULTURE},
Year = {{2019}},
Volume = {{66}},
Number = {{2}},
Pages = {{525-540}},
DOI = {{10.5937/ekoPolj1902525D}},
ISSN = {{0352-3462}},
ORCID-Numbers = {{Paunovic, Tamara/0000-0003-4747-0678}},
Unique-ID = {{WOS:000483304600013}},
}

@article{ WOS:000437084300011,
Author = {Ozoegwu, Chigbogu Godwin},
Title = {The solar energy assessment methods for Nigeria: The current status, the
   future directions and a neural time series method},
Journal = {RENEWABLE \& SUSTAINABLE ENERGY REVIEWS},
Year = {{2018}},
Volume = {{92}},
Pages = {{146-159}},
Month = {{SEP}},
DOI = {{10.1016/j.rser.2018.04.050}},
ISSN = {{1364-0321}},
ResearcherID-Numbers = {{Ozoegwu, Chigbogu/S-6576-2019}},
Unique-ID = {{WOS:000437084300011}},
}

@article{ WOS:000415898200021,
Author = {Kuster, Corentin and Rezgui, Yacine and Mourshed, Monjur},
Title = {Electrical load forecasting models: A critical systematic review},
Journal = {SUSTAINABLE CITIES AND SOCIETY},
Year = {{2017}},
Volume = {{35}},
Pages = {{257-270}},
Month = {{NOV}},
DOI = {{10.1016/j.scs.2017.08.009}},
ISSN = {{2210-6707}},
EISSN = {{2210-6715}},
ResearcherID-Numbers = {{Rezgui, Yacine/ABE-6712-2020
   Mourshed, Monjur/F-8254-2011}},
ORCID-Numbers = {{Rezgui, Yacine/0000-0002-5711-8400
   Mourshed, Monjur/0000-0001-8347-1366}},
Unique-ID = {{WOS:000415898200021}},
}

@article{ WOS:000474679500026,
Author = {Song, Haiyan and Qiu, Richard T. R. and Park, Jinah},
Title = {A review of research on tourism demand forecasting},
Journal = {ANNALS OF TOURISM RESEARCH},
Year = {{2019}},
Volume = {{75}},
Pages = {{338-362}},
Month = {{MAR}},
DOI = {{10.1016/j.annals.2018.12.001}},
ISSN = {{0160-7383}},
ResearcherID-Numbers = {{QIU, Richard Tianran/AAY-9425-2020
   Qiu, Richard T. R./W-5155-2019
   Song, Haiyan/AAD-3283-2022
   Song, Haiyan/ABE-6463-2020
   }},
ORCID-Numbers = {{QIU, Richard Tianran/0000-0001-5443-8209
   Qiu, Richard T. R./0000-0001-5443-8209
   Song, Haiyan/0000-0001-6158-1222
   Park, Jinah/0000-0002-5739-5918}},
Unique-ID = {{WOS:000474679500026}},
}

@article{ WOS:000697459600003,
Author = {Wang, Sen and Gao, Yi},
Title = {A literature review and citation analyses of air travel demand studies
   published between 2010 and 2020},
Journal = {JOURNAL OF AIR TRANSPORT MANAGEMENT},
Year = {{2021}},
Volume = {{97}},
Month = {{OCT}},
DOI = {{10.1016/j.jairtraman.2021.102135}},
Article-Number = {{102135}},
ISSN = {{0969-6997}},
EISSN = {{1873-2089}},
ResearcherID-Numbers = {{Gao, Yi/F-8511-2012}},
ORCID-Numbers = {{Gao, Yi/0000-0002-5996-3288}},
Unique-ID = {{WOS:000697459600003}},
}

@article{ WOS:000614666600002,
Author = {Rahimi, Iman and Chen, Fang and Gandomi, Amir H.},
Title = {A review on COVID-19 forecasting models},
Journal = {NEURAL COMPUTING \& APPLICATIONS},
DOI = {{10.1007/s00521-020-05626-8}},
EarlyAccessDate = {{FEB 2021}},
ISSN = {{0941-0643}},
EISSN = {{1433-3058}},
ResearcherID-Numbers = {{Gandomi, Amir H/J-7595-2013
   }},
ORCID-Numbers = {{Gandomi, Amir H/0000-0002-2798-0104
   rahimi, iman/0000-0003-3780-4726}},
Unique-ID = {{WOS:000614666600002}},
}

@article{ WOS:000583559900001,
Author = {Li, Audeliano Wolian and Bastos, Guilherme Sousa},
Title = {Stock Market Forecasting Using Deep Learning and Technical Analysis: A
   Systematic Review},
Journal = {IEEE ACCESS},
Year = {{2020}},
Volume = {{8}},
Pages = {{185232-185242}},
DOI = {{10.1109/ACCESS.2020.3030226}},
ISSN = {{2169-3536}},
ORCID-Numbers = {{Wolian Li, Audeliano/0000-0003-3337-9902}},
Unique-ID = {{WOS:000583559900001}},
}

@article{ WOS:000598058000011,
Author = {Ranjan, Kumar Gaurav and Prusty, B. Rajanarayan and Jena, Debashisha},
Title = {Review of preprocessing methods for univariate volatile time-series in
   power system applications},
Journal = {ELECTRIC POWER SYSTEMS RESEARCH},
Year = {{2021}},
Volume = {{191}},
Month = {{FEB}},
DOI = {{10.1016/j.epsr.2020.106885}},
Article-Number = {{106885}},
ISSN = {{0378-7796}},
EISSN = {{1873-2046}},
ResearcherID-Numbers = {{Prusty, B Rajanarayan/J-1783-2019
   Jena, Debashisha/AAU-6450-2021}},
ORCID-Numbers = {{Prusty, B Rajanarayan/0000-0002-6332-5481
   Jena, Debashisha/0000-0001-8800-4652}},
Unique-ID = {{WOS:000598058000011}},
}

@article{ WOS:000705864100001,
Author = {Moskovitch, Robert},
Title = {Multivariate temporal data analysis - a review},
Journal = {WILEY INTERDISCIPLINARY REVIEWS-DATA MINING AND KNOWLEDGE DISCOVERY},
Year = {{2022}},
Volume = {{12}},
Number = {{1}},
Month = {{JAN}},
DOI = {{10.1002/widm.1430}},
EarlyAccessDate = {{OCT 2021}},
Article-Number = {{e1430}},
ISSN = {{1942-4787}},
EISSN = {{1942-4795}},
Unique-ID = {{WOS:000705864100001}},
}

@article{ WOS:000710922600006,
Author = {Chen, Heng Z.},
Title = {An interpretable Comprehensive Capital Analysis and Review (CCAR) neural
   network model for portfolio loss forecasting and stress testing},
Journal = {JOURNAL OF CREDIT RISK},
Year = {{2021}},
Volume = {{17}},
Number = {{3}},
Pages = {{141-161}},
Month = {{SEP}},
DOI = {{10.21314/JCR.2021.004}},
ISSN = {{1744-6619}},
EISSN = {{1755-9723}},
Unique-ID = {{WOS:000710922600006}},
}

@article{ WOS:000488304300016,
Author = {Xie, Tuo and Zhang, Gang and Hou, Jinwang and Xie, Jiancang and Lv, Meng
   and Liu, Fuchao},
Title = {Hybrid forecasting model for non-stationary daily runoff series: A case
   study in the Han River Basin, China},
Journal = {JOURNAL OF HYDROLOGY},
Year = {{2019}},
Volume = {{577}},
Month = {{OCT}},
DOI = {{10.1016/j.jhydrol.2019.123915}},
Article-Number = {{123915}},
ISSN = {{0022-1694}},
EISSN = {{1879-2707}},
Unique-ID = {{WOS:000488304300016}},
}

@article{ WOS:000555970900011,
Author = {Fung, K. F. and Huang, Y. F. and Koo, C. H. and Soh, Y. W.},
Title = {Drought forecasting: A review of modelling approaches 2007-2017},
Journal = {JOURNAL OF WATER AND CLIMATE CHANGE},
Year = {{2020}},
Volume = {{11}},
Number = {{3}},
Pages = {{771-799}},
Month = {{SEP}},
DOI = {{10.2166/wcc.2019.236}},
ISSN = {{2040-2244}},
Unique-ID = {{WOS:000555970900011}},
}

@article{ WOS:000469005400008,
Author = {Liu, Han and Liu, Ying and Wang, Yonglian and Pan, Changchun},
Title = {Hot topics and emerging trends in tourism forecasting research: A
   scientometric review},
Journal = {TOURISM ECONOMICS},
Year = {{2019}},
Volume = {{25}},
Number = {{3, SI}},
Pages = {{448-468}},
Month = {{MAY}},
DOI = {{10.1177/1354816618810564}},
ISSN = {{1354-8166}},
EISSN = {{2044-0375}},
ResearcherID-Numbers = {{Ying, Liu/AAE-3197-2019
   Wang, Yonglian/AAY-7359-2021
   Liu, Han/F-3708-2015}},
ORCID-Numbers = {{Ying, Liu/0000-0002-6548-5542
   Wang, Yonglian/0000-0002-1639-1814
   Liu, Han/0000-0002-2639-5755}},
Unique-ID = {{WOS:000469005400008}},
}

@article{ WOS:000647486900002,
Author = {Liu, Jinyuan and Wang, Shouxi and Wei, Nan and Chen, Xi and Xie, Hanyu
   and Wang, Jie},
Title = {Natural gas consumption forecasting: A discussion on forecasting history
   and future challenges},
Journal = {JOURNAL OF NATURAL GAS SCIENCE AND ENGINEERING},
Year = {{2021}},
Volume = {{90}},
Month = {{JUN}},
DOI = {{10.1016/j.jngse.2021.103930}},
Article-Number = {{103930}},
ISSN = {{1875-5100}},
EISSN = {{2212-3865}},
Unique-ID = {{WOS:000647486900002}},
}

@article{ WOS:000596370300005,
Author = {Li, Xin and Law, Rob and Xie, Gang and Wang, Shouyang},
Title = {Review of tourism forecasting research with internet data},
Journal = {TOURISM MANAGEMENT},
Year = {{2021}},
Volume = {{83}},
Month = {{APR}},
DOI = {{10.1016/j.tourman.2020.104245}},
Article-Number = {{104245}},
ISSN = {{0261-5177}},
EISSN = {{1879-3193}},
ResearcherID-Numbers = {{Law, Rob/Y-3608-2019}},
ORCID-Numbers = {{Law, Rob/0000-0001-7199-3757}},
Unique-ID = {{WOS:000596370300005}},
}

@article{ WOS:000448500900001,
Author = {Chen, Yingyi and Cheng, Qianqian and Cheng, Yanjun and Yang, Hao and Yu,
   Huihui},
Title = {Applications of Recurrent Neural Networks in Environmental Factor
   Forecasting: A Review},
Journal = {NEURAL COMPUTATION},
Year = {{2018}},
Volume = {{30}},
Number = {{11}},
Pages = {{2855-2881}},
Month = {{NOV}},
DOI = {{10.1162/neco\_a\_01134}},
ISSN = {{0899-7667}},
EISSN = {{1530-888X}},
Unique-ID = {{WOS:000448500900001}},
}

@article{ WOS:000731575400007,
Author = {Carneiro, Tatiane Carolyne and Marques de Carvalho, Paulo Cesar and dos
   Santos, Heron Alves and Ferreira Batista Lima, Marcello Anderson and de
   Souza Braga, Arthur Plinio},
Title = {Review on Photovoltaic Power and Solar Resource Forecasting: Current
   Status and Trends},
Journal = {JOURNAL OF SOLAR ENERGY ENGINEERING-TRANSACTIONS OF THE ASME},
Year = {{2022}},
Volume = {{144}},
Number = {{1}},
Month = {{FEB 1}},
DOI = {{10.1115/1.4051652}},
Article-Number = {{010801}},
ISSN = {{0199-6231}},
EISSN = {{1528-8986}},
ResearcherID-Numbers = {{Carneiro, Tatiane/AAF-8493-2021
   DE CARVALHO, PAULO CESAR MARQUES/Q-3573-2019}},
ORCID-Numbers = {{Carneiro, Tatiane/0000-0001-7457-6836
   DE CARVALHO, PAULO CESAR MARQUES/0000-0002-0115-0807}},
Unique-ID = {{WOS:000731575400007}},
}

@article{ WOS:000482068400024,
Author = {Anshuka, Anshuka and van Ogtrop, Floris F. and Vervoort, R. Willem},
Title = {Drought forecasting through statistical models using standardised
   precipitation index: a systematic review and meta-regression analysis},
Journal = {NATURAL HAZARDS},
Year = {{2019}},
Volume = {{97}},
Number = {{2}},
Pages = {{955-977}},
Month = {{JUN}},
DOI = {{10.1007/s11069-019-03665-6}},
ISSN = {{0921-030X}},
EISSN = {{1573-0840}},
ResearcherID-Numbers = {{Anshuka, Anshuka/AAK-7108-2020
   Vervoort, Rutger Willem/A-8247-2008
   Ogtrop, Floris/ABB-6115-2021
   }},
ORCID-Numbers = {{Vervoort, Rutger Willem/0000-0002-6557-0237
   Anshuka, Anshuka/0000-0002-2434-8701
   van Ogtrop, Floris/0000-0002-5505-3869}},
Unique-ID = {{WOS:000482068400024}},
}

@article{ WOS:000401395000011,
Author = {Shao, Zhen and ChaoFu and Yang, Shan-Lin and Zhou, Kai-Le},
Title = {A review of the decomposition methodology for extracting and identifying
   the fluctuation characteristics in electricity demand forecasting},
Journal = {RENEWABLE \& SUSTAINABLE ENERGY REVIEWS},
Year = {{2017}},
Volume = {{75}},
Pages = {{123-136}},
Month = {{AUG}},
DOI = {{10.1016/j.rser.2016.10.056}},
ISSN = {{1364-0321}},
EISSN = {{1879-0690}},
ResearcherID-Numbers = {{Zhou, Kaile/AAR-7395-2020}},
Unique-ID = {{WOS:000401395000011}},
}

@article{ WOS:000378448400065,
Author = {Wang, Jianzhou and Song, Yiliao and Liu, Feng and Hou, Ru},
Title = {Analysis and application of forecasting models in wind power
   integration: A review of multi-step-ahead wind speed forecasting models},
Journal = {RENEWABLE \& SUSTAINABLE ENERGY REVIEWS},
Year = {{2016}},
Volume = {{60}},
Pages = {{960-981}},
Month = {{JUL}},
DOI = {{10.1016/j.rser.2016.01.114}},
ISSN = {{1364-0321}},
ResearcherID-Numbers = {{Song, Yiliao/AAJ-3863-2020
   Liu, Feng/I-1816-2016
   Wang, Jianzhou/ABE-8452-2020
   }},
ORCID-Numbers = {{Song, Yiliao/0000-0002-6633-2695
   Liu, Feng/0000-0002-5005-9129
   Wang, Jianzhou/0000-0001-9078-7617
   Hou, Ru/0000-0002-0401-4085}},
Unique-ID = {{WOS:000378448400065}},
}

@article{ WOS:000381383400005,
Author = {Grimaldi, Stefania and Li, Yuan and Pauwels, Valentijn R. N. and Walker,
   Jeffrey P.},
Title = {Remote Sensing-Derived Water Extent and Level to Constrain Hydraulic
   Flood Forecasting Models: Opportunities and Challenges},
Journal = {SURVEYS IN GEOPHYSICS},
Year = {{2016}},
Volume = {{37}},
Number = {{5}},
Pages = {{977-1034}},
Month = {{SEP}},
DOI = {{10.1007/s10712-016-9378-y}},
ISSN = {{0169-3298}},
EISSN = {{1573-0956}},
ResearcherID-Numbers = {{Li, Yuan/B-2864-2016
   }},
ORCID-Numbers = {{Li, Yuan/0000-0001-5141-8456
   Grimaldi, Stefania/0000-0002-7025-7624
   Pauwels, Valentijn/0000-0002-1290-9313
   Walker, Jeffrey/0000-0002-4817-2712}},
Unique-ID = {{WOS:000381383400005}},
}

@article{ WOS:000559007700001,
Author = {Mir, Aneeque A. and Alghassab, Mohammed and Ullah, Kafait and Khan,
   Zafar A. and Lu, Yuehong and Imran, Muhammad},
Title = {A Review of Electricity Demand Forecasting in Low and Middle Income
   Countries: The Demand Determinants and Horizons},
Journal = {SUSTAINABILITY},
Year = {{2020}},
Volume = {{12}},
Number = {{15}},
Month = {{AUG}},
DOI = {{10.3390/su12155931}},
Article-Number = {{5931}},
EISSN = {{2071-1050}},
ResearcherID-Numbers = {{Ullah, kafait/AAI-5856-2020
   IMRAN, MUHAMMAD/P-9199-2017
   Khan, zafar/R-3572-2018
   }},
ORCID-Numbers = {{Ullah, kafait/0000-0003-1813-9695
   IMRAN, MUHAMMAD/0000-0002-3057-1301
   Khan, zafar/0000-0003-3149-6865
   Mir, Aneeque/0000-0002-6981-8236}},
Unique-ID = {{WOS:000559007700001}},
}

@article{ WOS:000458942800076,
Author = {Qian, Zheng and Pei, Yan and Zareipour, Hamidreza and Chen, Niya},
Title = {A review and discussion of decomposition-based hybrid models for wind
   energy forecasting applications},
Journal = {APPLIED ENERGY},
Year = {{2019}},
Volume = {{235}},
Pages = {{939-953}},
Month = {{FEB 1}},
DOI = {{10.1016/j.apenergy.2018.10.080}},
ISSN = {{0306-2619}},
EISSN = {{1872-9118}},
ResearcherID-Numbers = {{Zareipour, Hamidreza/AAE-9226-2019}},
ORCID-Numbers = {{Zareipour, Hamidreza/0000-0003-2889-0386}},
Unique-ID = {{WOS:000458942800076}},
}

@article{ WOS:000417070500110,
Author = {Nowotarski, Jakub and Weron, Rafal},
Title = {Recent advances in electricity price forecasting: A review of
   probabilistic forecasting},
Journal = {RENEWABLE \& SUSTAINABLE ENERGY REVIEWS},
Year = {{2018}},
Volume = {{81}},
Number = {{1}},
Pages = {{1548-1568}},
Month = {{JAN}},
DOI = {{10.1016/j.rser.2017.05.234}},
ISSN = {{1364-0321}},
EISSN = {{1879-0690}},
ResearcherID-Numbers = {{Weron, Rafał/ABG-6143-2021}},
ORCID-Numbers = {{Weron, Rafał/0000-0003-1619-5239}},
Unique-ID = {{WOS:000417070500110}},
}

@article{ WOS:000548056900085,
Author = {Seh, Adil Hussain and Zarour, Mohammad and Alenezi, Mamdouh and Sarkar,
   Amal Krishna and Agrawal, Alka and Kumar, Rajeev and Ahmad Khan, Raees},
Title = {Healthcare Data Breaches: Insights and Implications},
Journal = {HEALTHCARE},
Year = {{2020}},
Volume = {{8}},
Number = {{2}},
Month = {{JUN}},
DOI = {{10.3390/healthcare8020133}},
Article-Number = {{133}},
EISSN = {{2227-9032}},
ResearcherID-Numbers = {{Agrawal, Alka/AAX-6488-2020
   Alenezi, Mamdouh/R-2639-2016
   Seh, Adil/AAU-5384-2021
   Kumar, Rajeev/AAD-7346-2020
   Khan, Raees/AAX-6469-2020
   Zarour, Mohammad/D-5253-2009}},
ORCID-Numbers = {{Agrawal, Alka/0000-0001-5503-7917
   Alenezi, Mamdouh/0000-0001-6852-1206
   Seh, Adil/0000-0003-3049-792X
   Kumar, Rajeev/0000-0002-1813-1362
   Khan, Raees/0000-0002-9454-1312
   Zarour, Mohammad/0000-0002-1169-9502}},
Unique-ID = {{WOS:000548056900085}},
}

@article{ WOS:000410885000006,
Author = {Lopez Martin, Manuel and Sanchez-Esguevillas, Antonio and Carro, Belen},
Title = {Review of Methods to Predict Connectivity of IoT Wireless Devices},
Journal = {AD HOC \& SENSOR WIRELESS NETWORKS},
Year = {{2017}},
Volume = {{38}},
Number = {{1-4}},
Pages = {{125-141}},
ISSN = {{1551-9899}},
EISSN = {{1552-0633}},
ResearcherID-Numbers = {{Lopez-Martin, Manuel/AAO-5602-2020
   Carro, Belén/L-7094-2014}},
ORCID-Numbers = {{Lopez-Martin, Manuel/0000-0003-3550-560X
   Carro, Belén/0000-0001-7051-8479}},
Unique-ID = {{WOS:000410885000006}},
}

@article{ WOS:000625089800001,
Author = {Zellner, Maximilian and Abbas, Ali E. and Budescu, David V. and
   Galstyan, Aram},
Title = {A survey of human judgement and quantitative forecasting methods},
Journal = {ROYAL SOCIETY OPEN SCIENCE},
Year = {{2021}},
Volume = {{8}},
Number = {{2}},
Month = {{FEB 24}},
DOI = {{10.1098/rsos.201187}},
Article-Number = {{201187}},
ISSN = {{2054-5703}},
ORCID-Numbers = {{Galstyan, Aram/0000-0003-4215-0886}},
Unique-ID = {{WOS:000625089800001}},
}

@article{ WOS:000446310000019,
Author = {Ziel, Florian and Steinert, Rick},
Title = {Probabilistic mid- and long-term electricity price forecasting},
Journal = {RENEWABLE \& SUSTAINABLE ENERGY REVIEWS},
Year = {{2018}},
Volume = {{94}},
Pages = {{251-266}},
Month = {{OCT}},
DOI = {{10.1016/j.rser.2018.05.038}},
ISSN = {{1364-0321}},
EISSN = {{1879-0690}},
ORCID-Numbers = {{Steinert, Rick/0000-0002-1680-9811}},
Unique-ID = {{WOS:000446310000019}},
}

@article{ WOS:000437814800006,
Author = {Yang, Dazhi and Kleissl, Jan and Gueymard, Christian A. and Pedro, Hugo
   T. C. and Coimbra, Carlos F. M.},
Title = {History and trends in solar irradiance and PV power forecasting: A
   preliminary assessment and review using text mining},
Journal = {SOLAR ENERGY},
Year = {{2018}},
Volume = {{168}},
Number = {{SI}},
Pages = {{60-101}},
Month = {{JUL 1}},
DOI = {{10.1016/j.solener.2017.11.023}},
ISSN = {{0038-092X}},
ResearcherID-Numbers = {{Pedro, Hugo/H-6963-2019
   Yang, Dazhi/M-8209-2015
   Coimbra, Carlos F.M./A-3036-2008
   Gueymard, Christian A/O-7286-2014}},
ORCID-Numbers = {{Pedro, Hugo/0000-0003-3166-4451
   Yang, Dazhi/0000-0003-2162-6873
   Coimbra, Carlos F.M./0000-0002-9428-3931
   Gueymard, Christian A/0000-0003-0362-4655}},
Unique-ID = {{WOS:000437814800006}},
}

@article{ WOS:000424310100038,
Author = {Sobri, Sobrina and Koohi-Kamali, Sam and Abd Rahim, Nasrudin},
Title = {Solar photovoltaic generation forecasting methods: A review},
Journal = {ENERGY CONVERSION AND MANAGEMENT},
Year = {{2018}},
Volume = {{156}},
Pages = {{459-497}},
Month = {{JAN 15}},
DOI = {{10.1016/j.enconman.2017.11.019}},
ISSN = {{0196-8904}},
EISSN = {{1879-2227}},
ResearcherID-Numbers = {{RAHIM, NASRUDIN ABD/B-9204-2010
   Koohi-Kamali, Sam/H-6496-2011}},
ORCID-Numbers = {{RAHIM, NASRUDIN ABD/0000-0002-1834-1984
   Koohi-Kamali, Sam/0000-0002-4620-6640}},
Unique-ID = {{WOS:000424310100038}},
}

@article{ WOS:000458294500020,
Author = {Ali, Mumtaz and Prasad, Ramendra},
Title = {Significant wave height forecasting via an extreme learning machine
   model integrated with improved complete ensemble empirical mode
   decomposition},
Journal = {RENEWABLE \& SUSTAINABLE ENERGY REVIEWS},
Year = {{2019}},
Volume = {{104}},
Pages = {{281-295}},
Month = {{APR}},
DOI = {{10.1016/j.rser.2019.01.014}},
ISSN = {{1364-0321}},
EISSN = {{1879-0690}},
ResearcherID-Numbers = {{Ali, Mumtaz/AAF-8685-2020
   Prasad, Ramendra/AAT-2908-2021
   }},
ORCID-Numbers = {{Ali, Mumtaz/0000-0002-6975-5159
   Prasad, Ramendra/0000-0003-3941-5839}},
Unique-ID = {{WOS:000458294500020}},
}

@article{ WOS:000457512200012,
Author = {Perera, H. Niles and Hurley, Jason and Fahimnia, Behnam and Reisi,
   Mohsen},
Title = {The human factor in supply chain forecasting: A systematic review},
Journal = {EUROPEAN JOURNAL OF OPERATIONAL RESEARCH},
Year = {{2019}},
Volume = {{274}},
Number = {{2}},
Pages = {{574-600}},
Month = {{APR 16}},
DOI = {{10.1016/j.ejor.2018.10.028}},
ISSN = {{0377-2217}},
EISSN = {{1872-6860}},
ResearcherID-Numbers = {{Hurley, Jason/W-6947-2019
   Perera, H. Niles/Y-4898-2019
   }},
ORCID-Numbers = {{Hurley, Jason/0000-0002-6828-6557
   Perera, H. Niles/0000-0001-6329-5967
   Fahimnia, Behnam/0000-0002-8974-9928}},
Unique-ID = {{WOS:000457512200012}},
}

@article{ WOS:000427725400001,
Author = {Armstrong, J. Scott and Green, Kesten C.},
Title = {Forecasting methods and principles: Evidence-based checklists},
Journal = {JOURNAL OF GLOBAL SCHOLARS OF MARKETING SCIENCE},
Year = {{2018}},
Volume = {{28}},
Number = {{2}},
Pages = {{103-159}},
DOI = {{10.1080/21639159.2018.1441735}},
ISSN = {{2163-9159}},
EISSN = {{2163-9167}},
ResearcherID-Numbers = {{Green, Kesten/F-3716-2013}},
ORCID-Numbers = {{Green, Kesten/0000-0001-9122-885X}},
Unique-ID = {{WOS:000427725400001}},
}

@article{ WOS:000665006000004,
Author = {Young, Peter C. and Chen, Fengwei},
Title = {Monitoring and forecasting the COVID-19 epidemic in the UK},
Journal = {ANNUAL REVIEWS IN CONTROL},
Year = {{2021}},
Volume = {{51}},
Pages = {{488-499}},
DOI = {{10.1016/j.arcontrol.2021.01.004}},
ISSN = {{1367-5788}},
EISSN = {{1872-9088}},
Unique-ID = {{WOS:000665006000004}},
}

@article{ WOS:000743511900006,
Author = {Eastwood, Niamh and Stubbings, William A. and Abdallah, Mohamed A.
   Abou-Elwafa and Durance, Isabelle and Paavola, Jouni and Dallimer,
   Martin and Pantel, Jelena H. and Johnson, Samuel and Zhou, Jiarui and
   Hosking, J. Scott and Brown, James B. and Ullah, Sami and Krause,
   Stephan and Hannah, David M. and Crawford, Sarah E. and Widmann, Martin
   and Orsini, Luisa},
Title = {The Time Machine framework: monitoring and prediction of biodiversity
   loss},
Journal = {TRENDS IN ECOLOGY \& EVOLUTION},
Year = {{2022}},
Volume = {{37}},
Number = {{2}},
Pages = {{138-146}},
Month = {{FEB}},
DOI = {{10.1016/j.tree.2021.09.008}},
ISSN = {{0169-5347}},
EISSN = {{1872-8383}},
ResearcherID-Numbers = {{Abdallah, Mohamed Abou-Elwafa/P-8813-2014
   Stubbings, William A./AAW-8154-2020
   }},
ORCID-Numbers = {{Abdallah, Mohamed Abou-Elwafa/0000-0002-4624-4073
   Stubbings, William A./0000-0002-8538-4693
   Crawford, Sarah/0000-0003-4341-701X
   Dallimer, Martin/0000-0001-8120-3309
   Eastwood, Niamh/0000-0003-2969-6091}},
Unique-ID = {{WOS:000743511900006}},
}

@article{ WOS:000472692200032,
Author = {Liu, Hui and Chen, Chao},
Title = {Data processing strategies in wind energy forecasting models and
   applications: A comprehensive review},
Journal = {APPLIED ENERGY},
Year = {{2019}},
Volume = {{249}},
Pages = {{392-408}},
Month = {{SEP 1}},
DOI = {{10.1016/j.apenergy.2019.04.188}},
ISSN = {{0306-2619}},
EISSN = {{1872-9118}},
ORCID-Numbers = {{Liu, Hui/0000-0001-6654-4965}},
Unique-ID = {{WOS:000472692200032}},
}

@article{ WOS:000521976000021,
Author = {Ahmed, R. and Sreeram, V and Mishra, Y. and Arif, M. D.},
Title = {A review and evaluation of the state-of-the-art in PV solar power
   forecasting: Techniques and optimization},
Journal = {RENEWABLE \& SUSTAINABLE ENERGY REVIEWS},
Year = {{2020}},
Volume = {{124}},
Month = {{MAY}},
DOI = {{10.1016/j.rser.2020.109792}},
Article-Number = {{109792}},
ISSN = {{1364-0321}},
EISSN = {{1879-0690}},
ResearcherID-Numbers = {{Mishra, Yateendra/AAY-1170-2021
   Mishra, Yateendra/D-7666-2016
   }},
ORCID-Numbers = {{Mishra, Yateendra/0000-0002-4592-2784
   Mishra, Yateendra/0000-0002-4592-2784
   Sreeram, Victor/0000-0001-6762-1504}},
Unique-ID = {{WOS:000521976000021}},
}

@article{ WOS:000516316500002,
Author = {Kumar, Gourav and Jain, Sanjeev and Singh, Uday Pratap},
Title = {Stock Market Forecasting Using Computational Intelligence: A Survey},
Journal = {ARCHIVES OF COMPUTATIONAL METHODS IN ENGINEERING},
Year = {{2021}},
Volume = {{28}},
Number = {{3}},
Pages = {{1069-1101}},
Month = {{MAY}},
DOI = {{10.1007/s11831-020-09413-5}},
EarlyAccessDate = {{FEB 2020}},
ISSN = {{1134-3060}},
EISSN = {{1886-1784}},
ResearcherID-Numbers = {{Singh, Uday Pratap/M-5904-2016
   Singh, Uday Pratap/AAW-9594-2020
   }},
ORCID-Numbers = {{Singh, Uday Pratap/0000-0003-2077-0793
   Singh, Uday Pratap/0000-0003-2077-0793
   Kumar, Gourav/0000-0001-6167-9430}},
Unique-ID = {{WOS:000516316500002}},
}

@article{ WOS:000476523300004,
Author = {Zhu, Xiaoxin and Zhang, Guanghai and Sun, Baiqing},
Title = {A comprehensive literature review of the demand forecasting methods of
   emergency resources from the perspective of artificial intelligence},
Journal = {NATURAL HAZARDS},
Year = {{2019}},
Volume = {{97}},
Number = {{1}},
Pages = {{65-82}},
Month = {{MAY}},
DOI = {{10.1007/s11069-019-03626-z}},
ISSN = {{0921-030X}},
EISSN = {{1573-0840}},
ORCID-Numbers = {{Zhu, Xiaoxin/0000-0003-4838-4907}},
Unique-ID = {{WOS:000476523300004}},
}

@article{ WOS:000417070500069,
Author = {Das, Utpal Kumar and Tey, Kok Soon and Seyedmahmoudian, Mehdi and
   Mekhilef, Saad and Idris, Moh Yamani Idna and Van Deventer, Willem and
   Horan, Bend and Stojcevski, Alex},
Title = {Forecasting of photovoltaic power generation and model optimization: A
   review},
Journal = {RENEWABLE \& SUSTAINABLE ENERGY REVIEWS},
Year = {{2018}},
Volume = {{81}},
Number = {{1}},
Pages = {{912-928}},
Month = {{JAN}},
DOI = {{10.1016/j.rser.2017.08.017}},
ISSN = {{1364-0321}},
EISSN = {{1879-0690}},
ResearcherID-Numbers = {{Idris, Mohd. Yamani Idna/B-5232-2010
   Seyedmahmoudian, Mohammadmehdi/ABE-9588-2020
   TEY, KOK SOON/G-5915-2015
   Saad, Mekhilef/B-9652-2010
   }},
ORCID-Numbers = {{Idris, Mohd. Yamani Idna/0000-0003-4894-0838
   Seyedmahmoudian, Mohammadmehdi/0000-0002-2538-4077
   TEY, KOK SOON/0000-0001-6018-3978
   Saad, Mekhilef/0000-0001-8544-8995
   Horan, Ben/0000-0002-6723-259X}},
Unique-ID = {{WOS:000417070500069}},
}

@article{ WOS:000448688500010,
Author = {Flies, Emily J. and Brook, Barry W. and Blomqvist, Linus and Buettel,
   Jessie C.},
Title = {Forecasting future global food demand: A systematic review and
   meta-analysis of model complexity},
Journal = {ENVIRONMENT INTERNATIONAL},
Year = {{2018}},
Volume = {{120}},
Pages = {{93-103}},
Month = {{NOV}},
DOI = {{10.1016/j.envint.2018.07.019}},
ISSN = {{0160-4120}},
EISSN = {{1873-6750}},
ResearcherID-Numbers = {{Flies, Emily/T-4866-2019
   Blomqvist, Linus/AAS-9983-2020
   CABAH, ARC/T-6419-2019
   Flies, Emily J./F-4686-2013}},
ORCID-Numbers = {{Blomqvist, Linus/0000-0001-5781-6877
   Buettel, Jessie/0000-0001-6737-7468
   Flies, Emily J./0000-0002-1013-0330}},
Unique-ID = {{WOS:000448688500010}},
}

@article{ WOS:000682209100001,
Author = {Wang, Hua and Wang, Wenchuan and Du, Yujin and Xu, Dongmei},
Title = {Examining the Applicability of Wavelet Packet Decomposition on Different
   Forecasting Models in Annual Rainfall Prediction},
Journal = {WATER},
Year = {{2021}},
Volume = {{13}},
Number = {{15}},
Month = {{AUG}},
DOI = {{10.3390/w13151997}},
Article-Number = {{1997}},
EISSN = {{2073-4441}},
ORCID-Numbers = {{Wang, Wenchuan/0000-0003-1367-5886}},
Unique-ID = {{WOS:000682209100001}},
}

@article{ WOS:000401204700083,
Author = {Yildiz, B. and Bilbao, J. I. and Sproul, A. B.},
Title = {A review and analysis of regression and machine learning models on
   commercial building electricity load forecasting},
Journal = {RENEWABLE \& SUSTAINABLE ENERGY REVIEWS},
Year = {{2017}},
Volume = {{73}},
Pages = {{1104-1122}},
Month = {{JUN}},
DOI = {{10.1016/j.rser.2017.02.023}},
ISSN = {{1364-0321}},
ResearcherID-Numbers = {{Bilbao, Jose/R-6515-2019
   Yildiz, Baran/AAW-6199-2021}},
ORCID-Numbers = {{Bilbao, Jose/0000-0002-1319-7645
   Yildiz, Baran/0000-0003-3555-855X}},
Unique-ID = {{WOS:000401204700083}},
}

@article{ WOS:000572160600007,
Author = {Lukinskiy, Valery and Lukinskiy, Vladislav and Sokolov, Boris},
Title = {Control of inventory dynamics: A survey of special cases for products
   with low demand},
Journal = {ANNUAL REVIEWS IN CONTROL},
Year = {{2020}},
Volume = {{49}},
Pages = {{306-320}},
DOI = {{10.1016/j.arcontrol.2020.04.005}},
ISSN = {{1367-5788}},
ResearcherID-Numbers = {{Sokolov, Boris/S-1946-2016}},
ORCID-Numbers = {{Sokolov, Boris/0000-0002-2295-7570}},
Unique-ID = {{WOS:000572160600007}},
}

@article{ WOS:000583062700001,
Author = {Stuebinger, Johannes and Schneider, Lucas},
Title = {Understanding Smart City-A Data-Driven Literature Review},
Journal = {SUSTAINABILITY},
Year = {{2020}},
Volume = {{12}},
Number = {{20}},
Month = {{OCT}},
DOI = {{10.3390/su12208460}},
Article-Number = {{8460}},
EISSN = {{2071-1050}},
ORCID-Numbers = {{Schneider, Lucas/0000-0002-9273-6079
   Stubinger, Johannes/0000-0001-8643-2768}},
Unique-ID = {{WOS:000583062700001}},
}

@article{ WOS:000701874500003,
Author = {Wang, Yun and Zou, Runmin and Liu, Fang and Zhang, Lingjun and Liu,
   Qianyi},
Title = {A review of wind speed and wind power forecasting with deep neural
   networks},
Journal = {APPLIED ENERGY},
Year = {{2021}},
Volume = {{304}},
Month = {{DEC 15}},
DOI = {{10.1016/j.apenergy.2021.117766}},
Article-Number = {{117766}},
ISSN = {{0306-2619}},
EISSN = {{1872-9118}},
ORCID-Numbers = {{ZOU, Runmin/0000-0003-1747-3448}},
Unique-ID = {{WOS:000701874500003}},
}

@article{ WOS:000744432000001,
Author = {Wu, Zhou and Luo, Gan and Yang, Zhile and Guo, Yuanjun and Li, Kang and
   Xue, Yusheng},
Title = {A comprehensive review on deep learning approaches in wind forecasting
   applications},
Journal = {CAAI TRANSACTIONS ON INTELLIGENCE TECHNOLOGY},
DOI = {{10.1049/cit2.12076}},
EarlyAccessDate = {{JAN 2022}},
ISSN = {{2468-6557}},
EISSN = {{2468-2322}},
ORCID-Numbers = {{Yang, Zhile/0000-0001-8580-534X}},
Unique-ID = {{WOS:000744432000001}},
}

@article{ WOS:000475859200021,
Author = {Bourdeau, Mathieu and Zhai, Xiao Qiang and Nefzaoui, Elyes and Guo,
   Xiaofeng and Chatellier, Patrice},
Title = {Modeling and forecasting building energy consumption: A review of
   data-driven techniques},
Journal = {SUSTAINABLE CITIES AND SOCIETY},
Year = {{2019}},
Volume = {{48}},
Month = {{JUL}},
DOI = {{10.1016/j.scs.2019.101533}},
Article-Number = {{101533}},
ISSN = {{2210-6707}},
EISSN = {{2210-6715}},
ResearcherID-Numbers = {{Guo, Xiaofeng/F-3312-2019
   Bourdeau, Mathieu/AAT-1940-2020}},
ORCID-Numbers = {{Guo, Xiaofeng/0000-0001-5306-1219
   Bourdeau, Mathieu/0000-0002-2062-8642}},
Unique-ID = {{WOS:000475859200021}},
}

@article{ WOS:000692518300005,
Author = {Lu, Peng and Ye, Lin and Zhao, Yongning and Dai, Binhua and Pei, Ming
   and Tang, Yong},
Title = {Review of meta-heuristic algorithms for wind power prediction:
   Methodologies, applications and challenges},
Journal = {APPLIED ENERGY},
Year = {{2021}},
Volume = {{301}},
Month = {{NOV 1}},
DOI = {{10.1016/j.apenergy.2021.117446}},
Article-Number = {{117446}},
ISSN = {{0306-2619}},
EISSN = {{1872-9118}},
ResearcherID-Numbers = {{lu, peng/ABG-1737-2021}},
Unique-ID = {{WOS:000692518300005}},
}

@article{ WOS:000547831300001,
Author = {Maya-Manzano, Jose Maria and Smith, Matt and Markey, Emma and Hourihane
   Clancy, Jerry and Sodeau, John and O'Connor, David J.},
Title = {Recent developments in monitoring and modelling airborne pollen, a
   review},
Journal = {GRANA},
Year = {{2021}},
Volume = {{60}},
Number = {{1}},
Pages = {{1-19}},
Month = {{JAN 2}},
DOI = {{10.1080/00173134.2020.1769176}},
EarlyAccessDate = {{JUL 2020}},
ISSN = {{0017-3134}},
EISSN = {{1651-2049}},
ResearcherID-Numbers = {{Smith, Matt R/C-3911-2014
   }},
ORCID-Numbers = {{Smith, Matt R/0000-0002-4170-2960
   Hourihane Clancy, Jerry/0000-0002-2996-3738
   Markey, Emma/0000-0002-2963-773X
   O'Connor, David/0000-0003-1233-2769
   Maya Manzano, Jose Maria/0000-0003-3595-0949}},
Unique-ID = {{WOS:000547831300001}},
}

@article{ WOS:000516721000007,
Author = {Ahmad, Tanveer and Zhang, Hongcai and Yan, Biao},
Title = {A review on renewable energy and electricity requirement forecasting
   models for smart grid and buildings},
Journal = {SUSTAINABLE CITIES AND SOCIETY},
Year = {{2020}},
Volume = {{55}},
Month = {{APR}},
DOI = {{10.1016/j.scs.2020.102052}},
Article-Number = {{102052}},
ISSN = {{2210-6707}},
EISSN = {{2210-6715}},
ResearcherID-Numbers = {{Zhang, Hongcai/S-3588-2018
   Ahmad, Tanveer/AAD-7228-2020
   }},
ORCID-Numbers = {{Zhang, Hongcai/0000-0002-8294-6419
   Ahmad, Tanveer/0000-0001-7307-7947}},
Unique-ID = {{WOS:000516721000007}},
}

@article{ WOS:000384453100001,
Author = {Ursu, Eugen and Pereau, Jean-Christophe},
Title = {Application of periodic autoregressive process to the modeling of the
   Garonne river flows},
Journal = {STOCHASTIC ENVIRONMENTAL RESEARCH AND RISK ASSESSMENT},
Year = {{2016}},
Volume = {{30}},
Number = {{7}},
Pages = {{1785-1795}},
Month = {{OCT}},
DOI = {{10.1007/s00477-015-1193-3}},
ISSN = {{1436-3240}},
EISSN = {{1436-3259}},
ORCID-Numbers = {{pereau, jean christophe/0000-0003-0761-6994}},
Unique-ID = {{WOS:000384453100001}},
}

@article{ WOS:000725228500001,
Author = {Chopra, Ritika and Sharma, Gagan Deep},
Title = {Application of Artificial Intelligence in Stock Market Forecasting: A
   Critique, Review, and Research Agenda},
Journal = {JOURNAL OF RISK AND FINANCIAL MANAGEMENT},
Year = {{2021}},
Volume = {{14}},
Number = {{11}},
Month = {{NOV}},
DOI = {{10.3390/jrfm14110526}},
Article-Number = {{526}},
ISSN = {{1911-8066}},
EISSN = {{1911-8074}},
ResearcherID-Numbers = {{Sharma, Gagan Deep/R-2351-2018
   Chopra, Ritika/AAY-6086-2020}},
ORCID-Numbers = {{Sharma, Gagan Deep/0000-0001-5379-0761
   Chopra, Ritika/0000-0003-1055-6283}},
Unique-ID = {{WOS:000725228500001}},
}

@article{ WOS:000384776900049,
Author = {Andre, Maina and Dabo-Niang, Sophie and Soubdhan, Ted and Ould-Baba,
   Hanany},
Title = {Predictive spatio-temporal model for spatially sparse global solar
   radiation data},
Journal = {ENERGY},
Year = {{2016}},
Volume = {{111}},
Pages = {{599-608}},
Month = {{SEP 15}},
DOI = {{10.1016/j.energy.2016.06.004}},
ISSN = {{0360-5442}},
EISSN = {{1873-6785}},
ResearcherID-Numbers = {{DABO, SOPHIE/AAL-4771-2020}},
ORCID-Numbers = {{DABO, SOPHIE/0000-0002-4000-6752}},
Unique-ID = {{WOS:000384776900049}},
}

@article{ WOS:000561344400034,
Author = {Marquez-Cabrera, A. and Sanchez-Lopez, C.},
Title = {A nonlinear macromodel for current backward transconductance amplifier},
Journal = {AEU-INTERNATIONAL JOURNAL OF ELECTRONICS AND COMMUNICATIONS},
Year = {{2020}},
Volume = {{123}},
Month = {{AUG}},
DOI = {{10.1016/j.aeue.2020.153286}},
Article-Number = {{153286}},
ISSN = {{1434-8411}},
EISSN = {{1618-0399}},
Unique-ID = {{WOS:000561344400034}},
}

@article{ WOS:000731944200002,
Author = {Das, Satyabrata and Prusty, B. Rajanarayan and Bingi, Kishore},
Title = {Review of adaptive decomposition-based data preprocessing for renewable
   generation rich power system applications},
Journal = {JOURNAL OF RENEWABLE AND SUSTAINABLE ENERGY},
Year = {{2021}},
Volume = {{13}},
Number = {{6}},
Month = {{NOV}},
DOI = {{10.1063/5.0070140}},
Article-Number = {{062703}},
ISSN = {{1941-7012}},
ResearcherID-Numbers = {{Prusty, B Rajanarayan/J-1783-2019}},
ORCID-Numbers = {{Prusty, B Rajanarayan/0000-0002-6332-5481}},
Unique-ID = {{WOS:000731944200002}},
}

@article{ WOS:000727956400001,
Author = {Jackson, Andrew B.},
Title = {Financial statement analysis: a review and current issues},
Journal = {CHINA FINANCE REVIEW INTERNATIONAL},
Year = {{2022}},
Volume = {{12}},
Number = {{1}},
Pages = {{1-19}},
Month = {{FEB 1}},
DOI = {{10.1108/CFRI-10-2021-0208}},
EarlyAccessDate = {{DEC 2021}},
ISSN = {{2044-1398}},
EISSN = {{2044-1401}},
ResearcherID-Numbers = {{Jackson, Andrew/D-8064-2013}},
ORCID-Numbers = {{Jackson, Andrew/0000-0002-2074-2787}},
Unique-ID = {{WOS:000727956400001}},
}

@article{ WOS:000428491200028,
Author = {Ahmad, Tanveer and Chen, Huanxin and Guo, Yabin and Wang, Jiangyu},
Title = {A comprehensive overview on the data driven and large scale based
   approaches for forecasting of building energy demand: A review},
Journal = {ENERGY AND BUILDINGS},
Year = {{2018}},
Volume = {{165}},
Pages = {{301-320}},
Month = {{APR 15}},
DOI = {{10.1016/j.enbuild.2018.01.017}},
ISSN = {{0378-7788}},
EISSN = {{1872-6178}},
ResearcherID-Numbers = {{Ahmad, Tanveer/AAD-7228-2020
   }},
ORCID-Numbers = {{guo, ya bin/0000-0002-4350-1396
   Ahmad, Tanveer/0000-0001-7307-7947}},
Unique-ID = {{WOS:000428491200028}},
}

@article{ WOS:000736167200007,
Author = {Alimohammadi, Hamzeh and Chen, Shengnan Nancy},
Title = {Performance evaluation of outlier detection techniques in production
   timeseries: A systematic review and meta-analysis},
Journal = {EXPERT SYSTEMS WITH APPLICATIONS},
Year = {{2022}},
Volume = {{191}},
Month = {{APR 1}},
DOI = {{10.1016/j.eswa.2021.116371}},
Article-Number = {{116371}},
ISSN = {{0957-4174}},
EISSN = {{1873-6793}},
Unique-ID = {{WOS:000736167200007}},
}

@article{ WOS:000516572300001,
Author = {Rajakumari, Sambandan and Sundari, Sethu and Meenambikai, Manickam and
   Divya, Vijayakannan},
Title = {Impact analysis of land use dynamics on coastal features of Deshapran
   block, Purba East Medinipur, West Bengal},
Journal = {JOURNAL OF COASTAL CONSERVATION},
Year = {{2020}},
Volume = {{24}},
Number = {{2}},
Month = {{FEB 26}},
DOI = {{10.1007/s11852-020-00737-9}},
Article-Number = {{19}},
ISSN = {{1400-0350}},
EISSN = {{1874-7841}},
Unique-ID = {{WOS:000516572300001}},
}

@article{ WOS:000393016000058,
Author = {Segnon, Mawuli and Lux, Thomas and Gupta, Rangan},
Title = {Modeling and forecasting the volatility of carbon dioxide emission
   allowance prices: A review and comparison of modern volatility models},
Journal = {RENEWABLE \& SUSTAINABLE ENERGY REVIEWS},
Year = {{2017}},
Volume = {{69}},
Pages = {{692-704}},
Month = {{MAR}},
DOI = {{10.1016/j.rser.2016.11.060}},
ISSN = {{1364-0321}},
Unique-ID = {{WOS:000393016000058}},
}

@article{ WOS:000522824300002,
Author = {de Souza Groppo, Gustavo and Costa, Marcelo Azevedo and Libanio, Marcelo},
Title = {Predicting water demand: a review of the methods employed and future
   possibilities},
Journal = {WATER SUPPLY},
Year = {{2019}},
Volume = {{19}},
Number = {{8}},
Pages = {{2179-2198}},
Month = {{DEC}},
DOI = {{10.2166/ws.2019.122}},
ISSN = {{1606-9749}},
EISSN = {{1607-0798}},
ORCID-Numbers = {{Costa, Marcelo/0000-0002-2330-5056}},
Unique-ID = {{WOS:000522824300002}},
}

@article{ WOS:000380230400038,
Author = {Huang, Faming and Yin, Kunlong and He, Tao and Zhou, Chao and Zhang, Jun},
Title = {INFLUENCING FACTOR ANALYSIS AND DISPLACEMENT PREDICTION IN RESERVOIR
   LANDSLIDES - A CASE STUDY OF THREE GORGES RESERVOIR (CHINA)},
Journal = {TEHNICKI VJESNIK-TECHNICAL GAZETTE},
Year = {{2016}},
Volume = {{23}},
Number = {{2}},
Pages = {{617-626}},
Month = {{APR}},
DOI = {{10.17559/TV-20150314105216}},
ISSN = {{1330-3651}},
EISSN = {{1848-6339}},
ResearcherID-Numbers = {{Huang, Faming/AAC-7180-2019
   }},
ORCID-Numbers = {{Huang, Faming/0000-0002-4428-7133}},
Unique-ID = {{WOS:000380230400038}},
}

@article{ WOS:000401395000013,
Author = {Mezghani, Imed and Ben Haddad, Hedi},
Title = {Energy consumption and economic growth: An empirical study of the
   electricity consumption in Saudi Arabia},
Journal = {RENEWABLE \& SUSTAINABLE ENERGY REVIEWS},
Year = {{2017}},
Volume = {{75}},
Pages = {{145-156}},
Month = {{AUG}},
DOI = {{10.1016/j.rser.2016.10.058}},
ISSN = {{1364-0321}},
ResearcherID-Numbers = {{Mezghani, Imed/AAX-2747-2021
   Mezghani, Imed/ABC-7348-2021
   Ben Haddad, Hedi H./AAG-6775-2019}},
ORCID-Numbers = {{Mezghani, Imed/0000-0002-1510-0376
   Ben Haddad, Hedi H./0000-0003-3209-0293}},
Unique-ID = {{WOS:000401395000013}},
}

@article{ WOS:000456391100004,
Author = {Pandey, Trilok Nath and Jagadev, Alok Kumar and Dehuri, Satchidananda
   and Cho, Sung-Bae},
Title = {A review and empirical analysis of neural networks based exchange rate
   prediction},
Journal = {INTELLIGENT DECISION TECHNOLOGIES-NETHERLANDS},
Year = {{2018}},
Volume = {{12}},
Number = {{4}},
Pages = {{423-439}},
DOI = {{10.3233/IDT-180346}},
ISSN = {{1872-4981}},
EISSN = {{1875-8843}},
ResearcherID-Numbers = {{Dehuri, Satchidananda/AAN-7798-2021
   Pandey, Trilok/V-9601-2019
   Dehuri, Satchidananda/AFQ-1029-2022
   }},
ORCID-Numbers = {{Dehuri, Satchidananda/0000-0003-1435-4531
   Pandey, Trilok/0000-0002-2866-6985}},
Unique-ID = {{WOS:000456391100004}},
}

@article{ WOS:000546240400007,
Author = {Toman, Ivan and Zec, Damir},
Title = {The analysis of recreational vessel groundings in Croatian waters of the
   Adriatic Sea},
Journal = {POMORSTVO-SCIENTIFIC JOURNAL OF MARITIME RESEARCH},
Year = {{2020}},
Volume = {{34}},
Number = {{1}},
Pages = {{59-64}},
DOI = {{10.31217/p.34.1.7}},
ISSN = {{1332-0718}},
EISSN = {{1846-8438}},
ResearcherID-Numbers = {{Toman, Ivan/S-5818-2018}},
ORCID-Numbers = {{Toman, Ivan/0000-0002-8440-2503}},
Unique-ID = {{WOS:000546240400007}},
}

@article{ WOS:000704199600001,
Author = {Dhanalakshmi, J. and Ayyanathan, N.},
Title = {A systematic review of big data in energy analytics using energy
   computing techniques},
Journal = {CONCURRENCY AND COMPUTATION-PRACTICE \& EXPERIENCE},
Year = {{2022}},
Volume = {{34}},
Number = {{4}},
Month = {{FEB 15}},
DOI = {{10.1002/cpe.6647}},
EarlyAccessDate = {{OCT 2021}},
Article-Number = {{e6647}},
ISSN = {{1532-0626}},
EISSN = {{1532-0634}},
ResearcherID-Numbers = {{AYYANATHAN, N/AAR-1650-2020
   J, Dhanalakshmi/ABA-9765-2021}},
Unique-ID = {{WOS:000704199600001}},
}

@article{ WOS:000384871000007,
Author = {Bhattacharjee, Natalia V. and Tollner, Ernest W.},
Title = {Improving management of windrow composting systems by modeling runoff
   water quality dynamics using recurrent neural network},
Journal = {ECOLOGICAL MODELLING},
Year = {{2016}},
Volume = {{339}},
Number = {{SI}},
Pages = {{68-76}},
Month = {{NOV 10}},
DOI = {{10.1016/j.ecolmodel.2016.08.011}},
ISSN = {{0304-3800}},
EISSN = {{1872-7026}},
ORCID-Numbers = {{Tollner, Ernest/0000-0002-7143-5912}},
Unique-ID = {{WOS:000384871000007}},
}

@article{ WOS:000578923300001,
Author = {Baker, Daniel N.},
Title = {Solar-Terrestrial Data Science: Prior Experience and Future Prospects},
Journal = {FRONTIERS IN ASTRONOMY AND SPACE SCIENCES},
Year = {{2020}},
Volume = {{7}},
Month = {{OCT 2}},
DOI = {{10.3389/fspas.2020.540133}},
Article-Number = {{540133}},
ISSN = {{2296-987X}},
Unique-ID = {{WOS:000578923300001}},
}

@article{ WOS:000517761700068,
Author = {Fogarty, Michael J. and Gamble, Robert and Perretti, Charles T.},
Title = {Dynamic Complexity in Exploited Marine Ecosystems},
Journal = {FRONTIERS IN ECOLOGY AND EVOLUTION},
Year = {{2016}},
Volume = {{4}},
DOI = {{10.3389/fevo.2016.00068}},
Article-Number = {{68}},
ISSN = {{2296-701X}},
Unique-ID = {{WOS:000517761700068}},
}

@article{ WOS:000522086000002,
Author = {Petrovay, Kristof},
Title = {Solar cycle prediction},
Journal = {LIVING REVIEWS IN SOLAR PHYSICS},
Year = {{2020}},
Volume = {{17}},
Number = {{1}},
Month = {{MAR 23}},
DOI = {{10.1007/s41116-020-0022-z}},
Article-Number = {{2}},
ISSN = {{2367-3648}},
EISSN = {{1614-4961}},
ResearcherID-Numbers = {{Petrovay, Kristof/I-5272-2017}},
ORCID-Numbers = {{Petrovay, Kristof/0000-0002-1714-2027}},
Unique-ID = {{WOS:000522086000002}},
}

@article{ WOS:000626019200004,
Author = {Sandhir, Venuka and Kumar, Vinod and Kumar, Vikash},
Title = {Prognosticating the Spread of Covid-19 Pandemic Based on Optimal Arima
   Estimators},
Journal = {ENDOCRINE METABOLIC \& IMMUNE DISORDERS-DRUG TARGETS},
Year = {{2021}},
Volume = {{21}},
Number = {{4}},
Pages = {{586-591}},
DOI = {{10.2174/1871530320666201029143122}},
ISSN = {{1871-5303}},
EISSN = {{2212-3873}},
Unique-ID = {{WOS:000626019200004}},
}

@article{ WOS:000453642100027,
Author = {Elavarasan, Dhivya and Vincent, Durai Raj and Sharma, Vishal and Zomaya,
   Albert Y. and Srinivasan, Kathiravan},
Title = {Forecasting yield by integrating agrarian factors and machine learning
   models: A survey},
Journal = {COMPUTERS AND ELECTRONICS IN AGRICULTURE},
Year = {{2018}},
Volume = {{155}},
Pages = {{257-282}},
Month = {{DEC}},
DOI = {{10.1016/j.compag.2018.10.024}},
ISSN = {{0168-1699}},
EISSN = {{1872-7107}},
ResearcherID-Numbers = {{Sharma, Vishal/E-5834-2017
   Srinivasan, Kathiravan/P-6125-2014
   Zomaya, Albert Y./G-9697-2017
   Vincent, P.M. Durai Raj/S-6371-2019
   Elavarasan, Dhivya/AAG-8925-2020}},
ORCID-Numbers = {{Sharma, Vishal/0000-0001-7470-6506
   Srinivasan, Kathiravan/0000-0002-9352-0237
   Zomaya, Albert Y./0000-0002-3090-1059
   Vincent, P.M. Durai Raj/0000-0002-7598-1363
   Elavarasan, Dhivya/0000-0002-7238-9444}},
Unique-ID = {{WOS:000453642100027}},
}

@article{ WOS:000461360000006,
Author = {Mohandes, Saeed Reza and Zhang, Xueqing and Mahdiyar, Amir},
Title = {A comprehensive review on the application of artificial neural networks
   in building energy analysis},
Journal = {NEUROCOMPUTING},
Year = {{2019}},
Volume = {{340}},
Pages = {{55-75}},
Month = {{MAY 7}},
DOI = {{10.1016/j.neucom.2019.02.040}},
ISSN = {{0925-2312}},
EISSN = {{1872-8286}},
ResearcherID-Numbers = {{Zhang, Xueqing/ABC-3938-2020
   Mahdiyar, Amir/N-8558-2016
   MOHANDES, SAEED REZA/AAH-1943-2019
   }},
ORCID-Numbers = {{Mahdiyar, Amir/0000-0002-8075-5918
   MOHANDES, SAEED REZA/0000-0001-9149-3928
   Zhang, Xueqing/0000-0002-9397-1011}},
Unique-ID = {{WOS:000461360000006}},
}

@article{ WOS:000450283200001,
Author = {Mavragani, Amaryllis and Ochoa, Gabriela and Tsagarakis, Konstantinos P.},
Title = {Assessing the Methods, Tools, and Statistical Approaches in Google
   Trends Research: Systematic Review},
Journal = {JOURNAL OF MEDICAL INTERNET RESEARCH},
Year = {{2018}},
Volume = {{20}},
Number = {{11}},
Month = {{NOV 6}},
DOI = {{10.2196/jmir.9366}},
Article-Number = {{e270}},
ISSN = {{1438-8871}},
ResearcherID-Numbers = {{Mavragani, Amaryllis/N-1417-2017
   Tsagarakis, Konstantinos P./N-1403-2017
   }},
ORCID-Numbers = {{Mavragani, Amaryllis/0000-0001-6106-0873
   Tsagarakis, Konstantinos P./0000-0003-4340-6118
   Ochoa, Gabriela/0000-0001-7649-5669}},
Unique-ID = {{WOS:000450283200001}},
}

@article{ WOS:000652795800028,
Author = {van Amsterdam, Beatrice and Clarkson, Matthew J. and Stoyanov, Danail},
Title = {Gesture Recognition in Robotic Surgery: A Review},
Journal = {IEEE TRANSACTIONS ON BIOMEDICAL ENGINEERING},
Year = {{2021}},
Volume = {{68}},
Number = {{6}},
Pages = {{2021-2035}},
Month = {{JUN}},
DOI = {{10.1109/TBME.2021.3054828}},
ISSN = {{0018-9294}},
EISSN = {{1558-2531}},
ORCID-Numbers = {{Clarkson, Matthew/0000-0002-5565-1252
   van Amsterdam, Beatrice/0000-0002-2279-752X}},
Unique-ID = {{WOS:000652795800028}},
}

@article{ WOS:000600551200001,
Author = {Askari, Mohammad Reza and Hajizadeh, Iman and Rashid, Mudassir and
   Hobbs, Nicole and Zavala, Victor M. and Cinar, Ali},
Title = {Adaptive-learning model predictive control for complex physiological
   systems: Automated insulin delivery in diabetes},
Journal = {ANNUAL REVIEWS IN CONTROL},
Year = {{2020}},
Volume = {{50}},
Pages = {{1-12}},
DOI = {{10.1016/j.arcontrol.2020.10.004}},
ISSN = {{1367-5788}},
EISSN = {{1872-9088}},
ResearcherID-Numbers = {{Rashid, Mudassir M./AAL-8122-2020
   Cinar, Ali/I-7300-2012}},
ORCID-Numbers = {{Rashid, Mudassir M./0000-0003-4521-0872
   Cinar, Ali/0000-0002-1607-9943}},
Unique-ID = {{WOS:000600551200001}},
}

@article{ WOS:000382191300001,
Author = {Poletto, Chiara and Boelle, Pierre-Yves and Colizza, Vittoria},
Title = {Risk of MERS importation and onward transmission: a systematic review
   and analysis of cases reported to WHO},
Journal = {BMC INFECTIOUS DISEASES},
Year = {{2016}},
Volume = {{16}},
Month = {{AUG 25}},
DOI = {{10.1186/s12879-016-1787-5}},
Article-Number = {{448}},
ISSN = {{1471-2334}},
ORCID-Numbers = {{Colizza, Vittoria/0000-0002-2113-2374
   Poletto, Chiara/0000-0002-4051-1716}},
Unique-ID = {{WOS:000382191300001}},
}

@article{ WOS:000438710600005,
Author = {Erbas, B. and Jazayeri, M. and Lambert, K. A. and Katelaris, C. H. and
   Prendergast, L. A. and Tham, R. and Parrodi, M. J. and Davies, J. and
   Newbigin, E. and Abramson, M. J. and Dharmage, S. C.},
Title = {Outdoor pollen is a trigger of child and adolescent asthma emergency
   department presentations: A systematic review and meta-analysis},
Journal = {ALLERGY},
Year = {{2018}},
Volume = {{73}},
Number = {{8}},
Pages = {{1632-1641}},
Month = {{AUG}},
DOI = {{10.1111/all.13407}},
ISSN = {{0105-4538}},
EISSN = {{1398-9995}},
ResearcherID-Numbers = {{Tham, Rachel/AAB-9329-2019
   Abramson, Michael/AAQ-2671-2020
   Lambert, Katrina/AAB-9558-2021
   Tham, Rachel/AAH-3336-2022
   Prendergast, Luke A/G-8376-2011
   }},
ORCID-Numbers = {{Tham, Rachel/0000-0001-9362-5189
   Abramson, Michael/0000-0002-9954-0538
   Lambert, Katrina/0000-0002-9079-999X
   Prendergast, Luke A/0000-0002-9122-5429
   Dharmage, Shyamali/0000-0001-6063-1937
   Davies, Janet/0000-0002-6378-4119}},
Unique-ID = {{WOS:000438710600005}},
}

@article{ WOS:000664187600001,
Author = {So, Mike K. P. and Chu, Amanda M. Y. and Lo, Cliff C. Y. and Ip, Chun
   Yin},
Title = {Volatility and dynamic dependence modeling: Review, applications, and
   financial risk management},
Journal = {WILEY INTERDISCIPLINARY REVIEWS-COMPUTATIONAL STATISTICS},
DOI = {{10.1002/wics.1567}},
EarlyAccessDate = {{JUN 2021}},
Article-Number = {{e1567}},
ISSN = {{1939-0068}},
ORCID-Numbers = {{So, Mike Ka Pui/0000-0003-0781-8166
   Chu, Amanda/0000-0002-9543-747X}},
Unique-ID = {{WOS:000664187600001}},
}

@article{ WOS:000523804100001,
Author = {Xu, Zhitao and Elomri, Adel and Zhang, Qin and Liu, Caijie and Shi, Lin},
Title = {Status review and research strategies on product-service supply chain},
Journal = {PROCEEDINGS OF THE INSTITUTION OF MECHANICAL ENGINEERS PART B-JOURNAL OF
   ENGINEERING MANUFACTURE},
Year = {{2020}},
Volume = {{234}},
Number = {{8}},
Pages = {{1075-1086}},
Month = {{JUN}},
DOI = {{10.1177/0954405420905199}},
EarlyAccessDate = {{MAR 2020}},
Article-Number = {{0954405420905199}},
ISSN = {{0954-4054}},
EISSN = {{2041-1975}},
Unique-ID = {{WOS:000523804100001}},
}

@article{ WOS:000701252900003,
Author = {Barja-Martinez, Sara and Aragues-Penalba, Monica and Munne-Collado,
   Ingrid and Lloret-Gallego, Pau and Bullich-Massague, Eduard and
   Villafafila-Robles, Roberto},
Title = {Artificial intelligence techniques for enabling Big Data services in
   distribution networks: A review},
Journal = {RENEWABLE \& SUSTAINABLE ENERGY REVIEWS},
Year = {{2021}},
Volume = {{150}},
Month = {{OCT}},
DOI = {{10.1016/j.rser.2021.111459}},
Article-Number = {{111459}},
ISSN = {{1364-0321}},
EISSN = {{1879-0690}},
ORCID-Numbers = {{Lloret-Gallego, Pau/0000-0003-4347-1470
   Bullich-Massague, Eduard/0000-0003-4603-1868
   Barja-Martinez, Sara/0000-0003-4126-8858}},
Unique-ID = {{WOS:000701252900003}},
}

@article{ WOS:000394395800006,
Author = {Chaumillon, Eric and Bertin, Xavier and Fortunato, Andre B. and Bajo,
   Marco and Schneider, Jean-Luc and Dezileau, Laurent and Walsh, John
   Patrick and Michelot, Agnes and Chauveau, Etienne and Creach, Axel and
   Henaff, Alain and Sauzeau, Thierry and Waeles, Benoit and Gervais, Bruno
   and Jan, Gwenaele and Baumann, Juliette and Breilh, Jean-Francois and
   Pedreros, Rodrigo},
Title = {Storm-induced marine flooding: Lessons from a multidisciplinary approach},
Journal = {EARTH-SCIENCE REVIEWS},
Year = {{2017}},
Volume = {{165}},
Pages = {{151-184}},
Month = {{FEB}},
DOI = {{10.1016/j.earscirev.2016.12.005}},
ISSN = {{0012-8252}},
EISSN = {{1872-6828}},
ResearcherID-Numbers = {{Pedreros, Rodrigo/ABA-8402-2020
   Bajo, Marco/AAV-2103-2020
   Fortunato, André B./B-9494-2008
   Estuários, NEC/D-5086-2009
   CHAUMILLON, Eric/N-6807-2013}},
ORCID-Numbers = {{Pedreros, Rodrigo/0000-0002-3864-2071
   Bajo, Marco/0000-0002-5969-6386
   Fortunato, André B./0000-0003-4667-1945
   Walsh, J. P./0000-0002-7178-2973
   Baumann, Juliette/0000-0002-6765-8398
   CHAUMILLON, Eric/0000-0003-1823-7834}},
Unique-ID = {{WOS:000394395800006}},
}

@article{ WOS:000638917500001,
Author = {Xia, Bing and Wu, Jindong and Wang, Jiaqi and Fang, Yitao and Shen,
   Haodi and Shen, Jingli},
Title = {Sustainable Renewal Methods of Urban Public Parking Spaces under the
   Scenario of Shared Autonomous Vehicles (SAV): A Review and a Proposal},
Journal = {SUSTAINABILITY},
Year = {{2021}},
Volume = {{13}},
Number = {{7}},
Month = {{APR}},
DOI = {{10.3390/su13073629}},
Article-Number = {{3629}},
EISSN = {{2071-1050}},
ORCID-Numbers = {{Xia, Bing/0000-0002-9448-7416}},
Unique-ID = {{WOS:000638917500001}},
}

@article{ WOS:000718576600002,
Author = {Dikshit, Abhirup and Pradhan, Biswajeet and Alamri, Abdullah M.},
Title = {Pathways and challenges of the application of artificial intelligence to
   geohazards modelling},
Journal = {GONDWANA RESEARCH},
Year = {{2021}},
Volume = {{100}},
Pages = {{290-301}},
Month = {{DEC}},
DOI = {{10.1016/j.gr.2020.08.007}},
ISSN = {{1342-937X}},
EISSN = {{1878-0571}},
ORCID-Numbers = {{Dikshit, Abhirup/0000-0003-2876-4080}},
Unique-ID = {{WOS:000718576600002}},
}

@article{ WOS:000632598600007,
Author = {Guerra-Montenegro, Juan and Sanchez-Medina, Javier and Lana, Ibai and
   Sanchez-Rodriguez, David and Alonso-Gonzalez, Itziar and Del Ser, Javier},
Title = {Computational Intelligence in the hospitality industry: A systematic
   literature review and a prospect of challenges},
Journal = {APPLIED SOFT COMPUTING},
Year = {{2021}},
Volume = {{102}},
Month = {{APR}},
DOI = {{10.1016/j.asoc.2021.107082}},
EarlyAccessDate = {{JAN 2021}},
Article-Number = {{107082}},
ISSN = {{1568-4946}},
EISSN = {{1872-9681}},
ResearcherID-Numbers = {{Del Ser, Javier/J-2187-2014
   Alonso-Gonzalez, Itziar/L-9174-2014
   }},
ORCID-Numbers = {{Del Ser, Javier/0000-0002-1260-9775
   Alonso-Gonzalez, Itziar/0000-0001-8487-2559
   Sanchez Rodriguez, David de la Cruz/0000-0003-2700-1591
   Guerra-Montenegro, Juan/0000-0002-2309-9993
   Lana, Ibai/0000-0002-2682-6199}},
Unique-ID = {{WOS:000632598600007}},
}

@article{ WOS:000554890900001,
Author = {Tang, Lu and Zhou, Yiwang and Wang, Lili and Purkayastha, Soumik and
   Zhang, Leyao and He, Jie and Wang, Fei and Song, Peter X. -K.},
Title = {A Review of Multi-Compartment Infectious Disease Models},
Journal = {INTERNATIONAL STATISTICAL REVIEW},
Year = {{2020}},
Volume = {{88}},
Number = {{2}},
Pages = {{462-513}},
Month = {{AUG}},
DOI = {{10.1111/insr.12402}},
EarlyAccessDate = {{AUG 2020}},
ISSN = {{0306-7734}},
EISSN = {{1751-5823}},
ResearcherID-Numbers = {{Tang, Lu/AAM-1941-2021
   Zhou, Yiwang/AAV-9504-2021
   }},
ORCID-Numbers = {{Tang, Lu/0000-0001-6143-9314
   Zhou, Yiwang/0000-0002-8023-205X
   Purkayastha, Soumik/0000-0002-3619-2804}},
Unique-ID = {{WOS:000554890900001}},
}

@article{ WOS:000462110400075,
Author = {Vargas, Soraida Aguilar and Telles Esteves, Gheisa Roberta and Macaira,
   Paula Medina and Bastos, Bruno Quaresma and Cyrino Oliveira, Fernando
   Luiz and Souza, Reinaldo Castro},
Title = {Wind power generation: A review and a research agenda},
Journal = {JOURNAL OF CLEANER PRODUCTION},
Year = {{2019}},
Volume = {{218}},
Pages = {{850-870}},
Month = {{MAY 1}},
DOI = {{10.1016/j.jclepro.2019.02.015}},
ISSN = {{0959-6526}},
EISSN = {{1879-1786}},
ResearcherID-Numbers = {{Aguilar, Soraida/ABE-6560-2021
   Maçaira, Paula M/F-5564-2019
   Oliveira, Fernando Luiz Cyrino/B-4187-2015
   }},
ORCID-Numbers = {{Aguilar, Soraida/0000-0002-5177-8336
   Oliveira, Fernando Luiz Cyrino/0000-0003-1870-9440
   Medina Macaira, Paula/0000-0001-6235-8006}},
Unique-ID = {{WOS:000462110400075}},
}

@article{ WOS:000434919600004,
Author = {Wen, Lulu and Zhou, Kaile and Yang, Shanlin and Li, Lanlan},
Title = {Compression of smart meter big data: A survey},
Journal = {RENEWABLE \& SUSTAINABLE ENERGY REVIEWS},
Year = {{2018}},
Volume = {{91}},
Pages = {{59-69}},
Month = {{AUG}},
DOI = {{10.1016/j.rser.2018.03.088}},
ISSN = {{1364-0321}},
ResearcherID-Numbers = {{Zhou, Kaile/AAR-7395-2020}},
Unique-ID = {{WOS:000434919600004}},
}

@article{ WOS:000709157800005,
Author = {Catlett, D. and Siegel, D. A. and Simons, R. D. and Guillocheau, N. and
   Henderikx-Freitas, F. and Thomas, C. S.},
Title = {Diagnosing seasonal to multi-decadal phytoplankton group dynamics in a
   highly productive coastal ecosystem},
Journal = {PROGRESS IN OCEANOGRAPHY},
Year = {{2021}},
Volume = {{197}},
Month = {{SEP-OCT}},
DOI = {{10.1016/j.pocean.2021.102637}},
Article-Number = {{102637}},
ISSN = {{0079-6611}},
EISSN = {{1873-4472}},
Unique-ID = {{WOS:000709157800005}},
}

@article{ WOS:000498927100001,
Author = {Soledad Represa, Natacha and Fernandez-Sarria, Alfonso and Porta, Andres
   and Palomar-Vazquez, Jesus},
Title = {Data Mining Paradigm in the Study of Air Quality},
Journal = {ENVIRONMENTAL PROCESSES-AN INTERNATIONAL JOURNAL},
Year = {{2020}},
Volume = {{7}},
Number = {{1}},
Pages = {{1-21}},
Month = {{MAR}},
DOI = {{10.1007/s40710-019-00407-5}},
EarlyAccessDate = {{NOV 2019}},
ISSN = {{2198-7491}},
EISSN = {{2198-7505}},
ORCID-Numbers = {{Represa, Natacha Soledad/0000-0002-7066-4799}},
Unique-ID = {{WOS:000498927100001}},
}

@article{ WOS:000602739600015,
Author = {Ahmad, Tanveer and Zhang, Dongdong},
Title = {A critical review of comparative global historical energy consumption
   and future demand: The story told so far},
Journal = {ENERGY REPORTS},
Year = {{2020}},
Volume = {{6}},
Pages = {{1973-1991}},
Month = {{NOV}},
DOI = {{10.1016/j.egyr.2020.07.020}},
ISSN = {{2352-4847}},
ResearcherID-Numbers = {{Ahmad, Tanveer/AAD-7228-2020
   Zhang, Dongdong/J-2354-2019
   }},
ORCID-Numbers = {{Zhang, Dongdong/0000-0002-7889-2577
   Ahmad, Tanveer/0000-0001-7307-7947}},
Unique-ID = {{WOS:000602739600015}},
}

@article{ WOS:000498957300001,
Author = {Meng, Zhiyong and Zhang, Fuqing and Luo, Dehai and Tan, Zhemin and Fang,
   Juan and Sun, Jianhua and Shen, Xueshun and Zhang, Yunji and Wang,
   Shuguang and Han, Wei and Zhao, Kun and Zhu, Lei and Hu, Yongyun and
   Xue, Huiwen and Ma, Yaping and Zhang, Lijuan and Nie, Ji and Zhou,
   Ruilin and Li, Sa and Liu, Hongjun and Zhu, Yuning},
Title = {Review of Chinese atmospheric science research over the past 70 years:
   Synoptic meteorology},
Journal = {SCIENCE CHINA-EARTH SCIENCES},
Year = {{2019}},
Volume = {{62}},
Number = {{12, SI}},
Pages = {{1946-1991}},
Month = {{DEC}},
DOI = {{10.1007/s11430-019-9534-6}},
EarlyAccessDate = {{NOV 2019}},
ISSN = {{1674-7313}},
EISSN = {{1869-1897}},
ResearcherID-Numbers = {{Han, Wei/L-7391-2016
   Hu, Yongyun/B-6786-2016
   Zhang, Yunji/A-9848-2014
   Zhou, Ruilin/F-1471-2019
   Meng, Zhiyong/K-8351-2012}},
ORCID-Numbers = {{Han, Wei/0000-0002-1966-446X
   Hu, Yongyun/0000-0002-4003-4630
   Zhang, Yunji/0000-0002-9516-5355
   }},
Unique-ID = {{WOS:000498957300001}},
}

@article{ WOS:000386186600022,
Author = {Rovere, Alessio and Raymo, Maureen E. and Vacchi, Matteo and Lorscheid,
   Thomas and Stocchi, Paolo and Gomez-Pujol, Lluis and Harris, Daniel L.
   and Casella, Elisa and O'Leary, Michael J. and Hearty, Paul J.},
Title = {The analysis of Last Interglacial (MIS 5e) relative sea-level
   indicators: Reconstructing sea-level in a warmer world},
Journal = {EARTH-SCIENCE REVIEWS},
Year = {{2016}},
Volume = {{159}},
Pages = {{404-427}},
Month = {{AUG}},
DOI = {{10.1016/j.earscirev.2016.06.006}},
ISSN = {{0012-8252}},
EISSN = {{1872-6828}},
ResearcherID-Numbers = {{Lorscheid, Thomas/C-9427-2017
   Vacchi, Matteo/E-1622-2011
   Rovere, Alessio/H-4398-2019
   Raymo, Maureen E/A-1270-2012
   Harris, Daniel/ABD-7866-2021
   Harris, Daniel/B-1600-2017
   }},
ORCID-Numbers = {{Lorscheid, Thomas/0000-0002-4796-3053
   Vacchi, Matteo/0000-0002-1569-7862
   Rovere, Alessio/0000-0001-5575-1168
   Harris, Daniel/0000-0002-3275-323X
   Harris, Daniel/0000-0002-3275-323X
   O'Leary, Michael/0000-0001-7040-3137
   Stocchi, Paolo/0000-0002-1377-3817}},
Unique-ID = {{WOS:000386186600022}},
}

@article{ WOS:000381838700001,
Author = {Wang, Wen-Xu and Lai, Ying-Cheng and Grebogi, Celso},
Title = {Data based identification and prediction of nonlinear and complex
   dynamical systems},
Journal = {PHYSICS REPORTS-REVIEW SECTION OF PHYSICS LETTERS},
Year = {{2016}},
Volume = {{644}},
Pages = {{1-76}},
Month = {{JUL 12}},
DOI = {{10.1016/j.physrep.2016.06.004}},
ISSN = {{0370-1573}},
EISSN = {{1873-6270}},
ORCID-Numbers = {{Grebogi, Celso/0000-0002-9811-4617}},
Unique-ID = {{WOS:000381838700001}},
}

@article{ WOS:000444413300012,
Author = {Anderson, Christopher B.},
Title = {Biodiversity monitoring, earth observations and the ecology of scale},
Journal = {ECOLOGY LETTERS},
Year = {{2018}},
Volume = {{21}},
Number = {{10}},
Pages = {{1572-1585}},
Month = {{OCT}},
DOI = {{10.1111/ele.13106}},
ISSN = {{1461-023X}},
EISSN = {{1461-0248}},
ORCID-Numbers = {{Anderson, Christopher/0000-0001-7392-4368}},
Unique-ID = {{WOS:000444413300012}},
}

@article{ WOS:000576169300002,
Author = {Qian, Wei and Viennet, Elvina and Glass, Kathryn and Harley, David},
Title = {Epidemiological models for predicting Ross River virus in Australia: A
   systematic review},
Journal = {PLOS NEGLECTED TROPICAL DISEASES},
Year = {{2020}},
Volume = {{14}},
Number = {{9}},
Month = {{SEP}},
DOI = {{10.1371/journal.pntd.0008621}},
Article-Number = {{e0008621}},
ISSN = {{1935-2735}},
ORCID-Numbers = {{Glass, Kathryn/0000-0001-5905-1310
   Wei, Qian/0000-0001-5753-7579}},
Unique-ID = {{WOS:000576169300002}},
}

@article{ WOS:000451736300043,
Author = {Mosavi, Amir and Ozturk, Pinar and Chau, Kwok-wing},
Title = {Flood Prediction Using Machine Learning Models: Literature Review},
Journal = {WATER},
Year = {{2018}},
Volume = {{10}},
Number = {{11}},
Month = {{NOV}},
DOI = {{10.3390/w10111536}},
Article-Number = {{1536}},
EISSN = {{2073-4441}},
ResearcherID-Numbers = {{Chau, Kwok-wing/E-5235-2011
   Mosavi, Amir/I-7440-2018}},
ORCID-Numbers = {{Chau, Kwok-wing/0000-0001-6457-161X
   Mosavi, Amir/0000-0003-4842-0613}},
Unique-ID = {{WOS:000451736300043}},
}

@article{ WOS:000428880600001,
Author = {de Lima, Alexandra Amaro and Andreoli, Rita Valeria and Kayano, Mary
   Toshie},
Title = {Sub-monthly variability of the South American summer precipitation under
   El Nino and La Nina backgrounds during the 1998-2012 period},
Journal = {INTERNATIONAL JOURNAL OF CLIMATOLOGY},
Year = {{2018}},
Volume = {{38}},
Number = {{5}},
Pages = {{2153-2166}},
Month = {{APR}},
DOI = {{10.1002/joc.5430}},
ISSN = {{0899-8418}},
EISSN = {{1097-0088}},
ResearcherID-Numbers = {{Andreoli, Rita V/B-8415-2013
   Kayano, Mary T/U-5716-2017}},
ORCID-Numbers = {{Andreoli, Rita V/0000-0001-5531-0733
   Kayano, Mary T/0000-0002-2516-295X}},
Unique-ID = {{WOS:000428880600001}},
}

@article{ WOS:000374919000003,
Author = {Sun, Yunfang and Chen, Changsheng and Beardsley, Robert C. and Ullman,
   Dave and Butman, Bradford and Lin, Huichan},
Title = {Surface circulation in Block Island Sound and adjacent coastal and shelf
   regions:. A FVCOM-CODAR comparison},
Journal = {PROGRESS IN OCEANOGRAPHY},
Year = {{2016}},
Volume = {{143}},
Pages = {{26-45}},
Month = {{APR}},
DOI = {{10.1016/j.pocean.2016.02.005}},
ISSN = {{0079-6611}},
ResearcherID-Numbers = {{Sun, Yunfang/J-1859-2015}},
ORCID-Numbers = {{Sun, Yunfang/0000-0001-6656-2581}},
Unique-ID = {{WOS:000374919000003}},
}

@article{ WOS:000401204700030,
Author = {Hasanov, Fakhri and Bulut, Cihan and Suleymanov, Elchin},
Title = {Review of energy-growth nexus: A panel analysis for ten Eurasian oil
   exporting countries},
Journal = {RENEWABLE \& SUSTAINABLE ENERGY REVIEWS},
Year = {{2017}},
Volume = {{73}},
Pages = {{369-386}},
Month = {{JUN}},
DOI = {{10.1016/j.rser.2017.01.140}},
ISSN = {{1364-0321}},
ResearcherID-Numbers = {{Suleymanov, Elchin/N-4266-2014
   Hasanov, Fakhri/L-3216-2019}},
ORCID-Numbers = {{Suleymanov, Elchin/0000-0002-6075-2744
   }},
Unique-ID = {{WOS:000401204700030}},
}

@article{ WOS:000674578800001,
Author = {Ennouri, Karim and Smaoui, Slim and Gharbi, Yaakoub and Cheffi, Manel
   and Ben Braiek, Olfa and Ennouri, Monia and Triki, Mohamed Ali},
Title = {Usage of Artificial Intelligence and Remote Sensing as Efficient Devices
   to Increase Agricultural System Yields},
Journal = {JOURNAL OF FOOD QUALITY},
Year = {{2021}},
Volume = {{2021}},
Month = {{JUN 28}},
DOI = {{10.1155/2021/6242288}},
Article-Number = {{6242288}},
ISSN = {{0146-9428}},
EISSN = {{1745-4557}},
ResearcherID-Numbers = {{Olfa, BEN BRAIEK/Q-3547-2018
   }},
ORCID-Numbers = {{Olfa, BEN BRAIEK/0000-0001-9449-8513
   Ennouri, Karim/0000-0001-6469-6455
   ennouri, monia/0000-0001-7477-6803
   smaoui, slim/0000-0002-8839-7377}},
Unique-ID = {{WOS:000674578800001}},
}

@article{ WOS:000456311100012,
Author = {Parise, Ivan},
Title = {A brief review of global climate change and the public health
   consequences},
Journal = {AUSTRALIAN JOURNAL OF GENERAL PRACTICE},
Year = {{2018}},
Volume = {{47}},
Number = {{7}},
Pages = {{451-456}},
Month = {{JUL}},
DOI = {{10.31128/AJGP-11-17-4412}},
ISSN = {{2208-794X}},
EISSN = {{2208-7958}},
ORCID-Numbers = {{Parise, Ivan/0000-0003-4787-4656}},
Unique-ID = {{WOS:000456311100012}},
}

@article{ WOS:000649545300034,
Author = {Zhang, Liang and Wen, Jin and Li, Yanfei and Chen, Jianli and Ye,
   Yunyang and Fu, Yangyang and Livingood, William},
Title = {A review of machine learning in building load prediction},
Journal = {APPLIED ENERGY},
Year = {{2021}},
Volume = {{285}},
Month = {{MAR 1}},
DOI = {{10.1016/j.apenergy.2021.116452}},
Article-Number = {{116452}},
ISSN = {{0306-2619}},
EISSN = {{1872-9118}},
ResearcherID-Numbers = {{Fu, Yangyang/AAP-8730-2020
   Ye, Yunyang/AAL-6278-2021
   Wen, Jin/E-6986-2013}},
ORCID-Numbers = {{Fu, Yangyang/0000-0002-9507-1420
   Wen, Jin/0000-0002-1964-8574}},
Unique-ID = {{WOS:000649545300034}},
}

@article{ WOS:000517760200073,
Author = {Wu, Xiaoxu and Liu, Jianing and Li, Chenlu and Yin, Jie},
Title = {Impact of climate change on dysentery: Scientific evidences,
   uncertainty, modeling and projections},
Journal = {SCIENCE OF THE TOTAL ENVIRONMENT},
Year = {{2020}},
Volume = {{714}},
Month = {{APR 20}},
DOI = {{10.1016/j.scitotenv.2020.136702}},
Article-Number = {{136702}},
ISSN = {{0048-9697}},
EISSN = {{1879-1026}},
Unique-ID = {{WOS:000517760200073}},
}

@article{ WOS:000569937500001,
Author = {Lai, Jung-Pin and Chang, Yu-Ming and Chen, Chieh-Huang and Pai,
   Ping-Feng},
Title = {A Survey of Machine Learning Models in Renewable Energy Predictions},
Journal = {APPLIED SCIENCES-BASEL},
Year = {{2020}},
Volume = {{10}},
Number = {{17}},
Month = {{SEP}},
DOI = {{10.3390/app10175975}},
Article-Number = {{5975}},
EISSN = {{2076-3417}},
ORCID-Numbers = {{Pai, Ping-Feng/0000-0002-4020-3326}},
Unique-ID = {{WOS:000569937500001}},
}
