
@article{ WOS:000477944700025,
Author = {Wei, Nan and Li, Changjun and Peng, Xiaolong and Zeng, Fanhua and Lu,
   Xinqian},
Title = {Conventional models and artificial intelligence-based models for energy
   consumption forecasting: A review},
Journal = {JOURNAL OF PETROLEUM SCIENCE AND ENGINEERING},
Year = {{2019}},
Volume = {{181}},
Month = {{OCT}},
DOI = {{10.1016/j.petrol.2019.106187}},
Article-Number = {{106187}},
ISSN = {{0920-4105}},
EISSN = {{1873-4715}},
Unique-ID = {{WOS:000477944700025}},
}

@article{ WOS:000701874500003,
Author = {Wang, Yun and Zou, Runmin and Liu, Fang and Zhang, Lingjun and Liu,
   Qianyi},
Title = {A review of wind speed and wind power forecasting with deep neural
   networks},
Journal = {APPLIED ENERGY},
Year = {{2021}},
Volume = {{304}},
Month = {{DEC 15}},
DOI = {{10.1016/j.apenergy.2021.117766}},
Article-Number = {{117766}},
ISSN = {{0306-2619}},
EISSN = {{1872-9118}},
ORCID-Numbers = {{ZOU, Runmin/0000-0003-1747-3448}},
Unique-ID = {{WOS:000701874500003}},
}

@article{ WOS:000401395000011,
Author = {Shao, Zhen and ChaoFu and Yang, Shan-Lin and Zhou, Kai-Le},
Title = {A review of the decomposition methodology for extracting and identifying
   the fluctuation characteristics in electricity demand forecasting},
Journal = {RENEWABLE \& SUSTAINABLE ENERGY REVIEWS},
Year = {{2017}},
Volume = {{75}},
Pages = {{123-136}},
Month = {{AUG}},
DOI = {{10.1016/j.rser.2016.10.056}},
ISSN = {{1364-0321}},
EISSN = {{1879-0690}},
ResearcherID-Numbers = {{Zhou, Kaile/AAR-7395-2020}},
Unique-ID = {{WOS:000401395000011}},
}

@article{ WOS:000710922600006,
Author = {Chen, Heng Z.},
Title = {An interpretable Comprehensive Capital Analysis and Review (CCAR) neural
   network model for portfolio loss forecasting and stress testing},
Journal = {JOURNAL OF CREDIT RISK},
Year = {{2021}},
Volume = {{17}},
Number = {{3}},
Pages = {{141-161}},
Month = {{SEP}},
DOI = {{10.21314/JCR.2021.004}},
ISSN = {{1744-6619}},
EISSN = {{1755-9723}},
Unique-ID = {{WOS:000710922600006}},
}

@article{ WOS:000534066900028,
Author = {Wang, Huaizhi and Liu, Yangyang and Zhou, Bin and Li, Canbing and Cao,
   Guangzhong and Voropai, Nikolai and Barakhtenko, Evgeny},
Title = {Taxonomy research of artificial intelligence for deterministic solar
   power forecasting},
Journal = {ENERGY CONVERSION AND MANAGEMENT},
Year = {{2020}},
Volume = {{214}},
Month = {{JUN 15}},
DOI = {{10.1016/j.enconman.2020.112909}},
Article-Number = {{112909}},
ISSN = {{0196-8904}},
EISSN = {{1879-2227}},
ResearcherID-Numbers = {{Barakhtenko, Evgeny Alekseevich/Q-7173-2016
   Voropai, Nikolai I/I-3945-2013}},
ORCID-Numbers = {{Barakhtenko, Evgeny Alekseevich/0000-0002-6934-0025
   }},
Unique-ID = {{WOS:000534066900028}},
}

@article{ WOS:000665006000004,
Author = {Young, Peter C. and Chen, Fengwei},
Title = {Monitoring and forecasting the COVID-19 epidemic in the UK},
Journal = {ANNUAL REVIEWS IN CONTROL},
Year = {{2021}},
Volume = {{51}},
Pages = {{488-499}},
DOI = {{10.1016/j.arcontrol.2021.01.004}},
ISSN = {{1367-5788}},
EISSN = {{1872-9088}},
Unique-ID = {{WOS:000665006000004}},
}

@article{ WOS:000561344400034,
Author = {Marquez-Cabrera, A. and Sanchez-Lopez, C.},
Title = {A nonlinear macromodel for current backward transconductance amplifier},
Journal = {AEU-INTERNATIONAL JOURNAL OF ELECTRONICS AND COMMUNICATIONS},
Year = {{2020}},
Volume = {{123}},
Month = {{AUG}},
DOI = {{10.1016/j.aeue.2020.153286}},
Article-Number = {{153286}},
ISSN = {{1434-8411}},
EISSN = {{1618-0399}},
Unique-ID = {{WOS:000561344400034}},
}

@article{ WOS:000636586400028,
Author = {Omara, Tarek M. and Harby, Khaled A.},
Title = {Using Mathematical and Statistical Model to Forecast the Path of
   Infection by Covid-19 in the Kingdom of Saudi Arabia},
Journal = {IIUM MEDICAL JOURNAL MALAYSIA},
Year = {{2021}},
Volume = {{20}},
Number = {{2}},
Pages = {{195-203}},
Month = {{APR}},
EISSN = {{1823-4631}},
ORCID-Numbers = {{Omara, Tarek/0000-0003-3674-1743}},
Unique-ID = {{WOS:000636586400028}},
}

@article{ WOS:000381838700001,
Author = {Wang, Wen-Xu and Lai, Ying-Cheng and Grebogi, Celso},
Title = {Data based identification and prediction of nonlinear and complex
   dynamical systems},
Journal = {PHYSICS REPORTS-REVIEW SECTION OF PHYSICS LETTERS},
Year = {{2016}},
Volume = {{644}},
Pages = {{1-76}},
Month = {{JUL 12}},
DOI = {{10.1016/j.physrep.2016.06.004}},
ISSN = {{0370-1573}},
EISSN = {{1873-6270}},
ORCID-Numbers = {{Grebogi, Celso/0000-0002-9811-4617}},
Unique-ID = {{WOS:000381838700001}},
}

@article{ WOS:000517761700068,
Author = {Fogarty, Michael J. and Gamble, Robert and Perretti, Charles T.},
Title = {Dynamic Complexity in Exploited Marine Ecosystems},
Journal = {FRONTIERS IN ECOLOGY AND EVOLUTION},
Year = {{2016}},
Volume = {{4}},
DOI = {{10.3389/fevo.2016.00068}},
Article-Number = {{68}},
ISSN = {{2296-701X}},
Unique-ID = {{WOS:000517761700068}},
}

@article{ WOS:000456391100004,
Author = {Pandey, Trilok Nath and Jagadev, Alok Kumar and Dehuri, Satchidananda
   and Cho, Sung-Bae},
Title = {A review and empirical analysis of neural networks based exchange rate
   prediction},
Journal = {INTELLIGENT DECISION TECHNOLOGIES-NETHERLANDS},
Year = {{2018}},
Volume = {{12}},
Number = {{4}},
Pages = {{423-439}},
DOI = {{10.3233/IDT-180346}},
ISSN = {{1872-4981}},
EISSN = {{1875-8843}},
ResearcherID-Numbers = {{Dehuri, Satchidananda/AAN-7798-2021
   Pandey, Trilok/V-9601-2019
   Dehuri, Satchidananda/AFQ-1029-2022
   }},
ORCID-Numbers = {{Dehuri, Satchidananda/0000-0003-1435-4531
   Pandey, Trilok/0000-0002-2866-6985}},
Unique-ID = {{WOS:000456391100004}},
}

@article{ WOS:000703683500010,
Author = {Liu, Chunqiong and Shi, Kai},
Title = {A review on methodology in O3-NOx-VOC sensitivity study},
Journal = {ENVIRONMENTAL POLLUTION},
Year = {{2021}},
Volume = {{291}},
Month = {{DEC 15}},
DOI = {{10.1016/j.envpol.2021.118249}},
Article-Number = {{118249}},
ISSN = {{0269-7491}},
EISSN = {{1873-6424}},
ORCID-Numbers = {{kai, shi/0000-0002-6304-7936}},
Unique-ID = {{WOS:000703683500010}},
}

@article{ WOS:000664187600001,
Author = {So, Mike K. P. and Chu, Amanda M. Y. and Lo, Cliff C. Y. and Ip, Chun
   Yin},
Title = {Volatility and dynamic dependence modeling: Review, applications, and
   financial risk management},
Journal = {WILEY INTERDISCIPLINARY REVIEWS-COMPUTATIONAL STATISTICS},
DOI = {{10.1002/wics.1567}},
EarlyAccessDate = {{JUN 2021}},
Article-Number = {{e1567}},
ISSN = {{1939-0068}},
ORCID-Numbers = {{So, Mike Ka Pui/0000-0003-0781-8166
   Chu, Amanda/0000-0002-9543-747X}},
Unique-ID = {{WOS:000664187600001}},
}

@article{ WOS:000498957300001,
Author = {Meng, Zhiyong and Zhang, Fuqing and Luo, Dehai and Tan, Zhemin and Fang,
   Juan and Sun, Jianhua and Shen, Xueshun and Zhang, Yunji and Wang,
   Shuguang and Han, Wei and Zhao, Kun and Zhu, Lei and Hu, Yongyun and
   Xue, Huiwen and Ma, Yaping and Zhang, Lijuan and Nie, Ji and Zhou,
   Ruilin and Li, Sa and Liu, Hongjun and Zhu, Yuning},
Title = {Review of Chinese atmospheric science research over the past 70 years:
   Synoptic meteorology},
Journal = {SCIENCE CHINA-EARTH SCIENCES},
Year = {{2019}},
Volume = {{62}},
Number = {{12, SI}},
Pages = {{1946-1991}},
Month = {{DEC}},
DOI = {{10.1007/s11430-019-9534-6}},
EarlyAccessDate = {{NOV 2019}},
ISSN = {{1674-7313}},
EISSN = {{1869-1897}},
ResearcherID-Numbers = {{Han, Wei/L-7391-2016
   Hu, Yongyun/B-6786-2016
   Zhang, Yunji/A-9848-2014
   Zhou, Ruilin/F-1471-2019
   Meng, Zhiyong/K-8351-2012}},
ORCID-Numbers = {{Han, Wei/0000-0002-1966-446X
   Hu, Yongyun/0000-0002-4003-4630
   Zhang, Yunji/0000-0002-9516-5355
   }},
Unique-ID = {{WOS:000498957300001}},
}
